%YAML 1.1
%TAG !u! tag:unity3d.com,2011:
--- !u!29 &1
OcclusionCullingSettings:
  m_ObjectHideFlags: 0
  serializedVersion: 2
  m_OcclusionBakeSettings:
    smallestOccluder: 5
    smallestHole: 0.25
    backfaceThreshold: 100
  m_SceneGUID: 00000000000000000000000000000000
  m_OcclusionCullingData: {fileID: 0}
--- !u!104 &2
RenderSettings:
  m_ObjectHideFlags: 0
  serializedVersion: 9
  m_Fog: 0
  m_FogColor: {r: 0.5, g: 0.5, b: 0.5, a: 1}
  m_FogMode: 3
  m_FogDensity: 0.01
  m_LinearFogStart: 0
  m_LinearFogEnd: 300
  m_AmbientSkyColor: {r: 0.212, g: 0.227, b: 0.259, a: 1}
  m_AmbientEquatorColor: {r: 0.114, g: 0.125, b: 0.133, a: 1}
  m_AmbientGroundColor: {r: 0.047, g: 0.043, b: 0.035, a: 1}
  m_AmbientIntensity: 1
  m_AmbientMode: 0
  m_SubtractiveShadowColor: {r: 0.42, g: 0.478, b: 0.627, a: 1}
  m_SkyboxMaterial: {fileID: 10304, guid: 0000000000000000f000000000000000, type: 0}
  m_HaloStrength: 0.5
  m_FlareStrength: 1
  m_FlareFadeSpeed: 3
  m_HaloTexture: {fileID: 0}
  m_SpotCookie: {fileID: 10001, guid: 0000000000000000e000000000000000, type: 0}
  m_DefaultReflectionMode: 0
  m_DefaultReflectionResolution: 128
  m_ReflectionBounces: 1
  m_ReflectionIntensity: 1
  m_CustomReflection: {fileID: 0}
  m_Sun: {fileID: 0}
  m_IndirectSpecularColor: {r: 0, g: 0, b: 0, a: 1}
  m_UseRadianceAmbientProbe: 0
--- !u!157 &3
LightmapSettings:
  m_ObjectHideFlags: 0
  serializedVersion: 11
  m_GIWorkflowMode: 1
  m_GISettings:
    serializedVersion: 2
    m_BounceScale: 1
    m_IndirectOutputScale: 1
    m_AlbedoBoost: 1
    m_EnvironmentLightingMode: 0
    m_EnableBakedLightmaps: 1
    m_EnableRealtimeLightmaps: 0
  m_LightmapEditorSettings:
    serializedVersion: 12
    m_Resolution: 2
    m_BakeResolution: 40
    m_AtlasSize: 1024
    m_AO: 0
    m_AOMaxDistance: 1
    m_CompAOExponent: 1
    m_CompAOExponentDirect: 0
    m_ExtractAmbientOcclusion: 0
    m_Padding: 2
    m_LightmapParameters: {fileID: 0}
    m_LightmapsBakeMode: 1
    m_TextureCompression: 1
    m_FinalGather: 0
    m_FinalGatherFiltering: 1
    m_FinalGatherRayCount: 256
    m_ReflectionCompression: 2
    m_MixedBakeMode: 2
    m_BakeBackend: 1
    m_PVRSampling: 1
    m_PVRDirectSampleCount: 32
    m_PVRSampleCount: 512
    m_PVRBounces: 2
    m_PVREnvironmentSampleCount: 256
    m_PVREnvironmentReferencePointCount: 2048
    m_PVRFilteringMode: 1
    m_PVRDenoiserTypeDirect: 1
    m_PVRDenoiserTypeIndirect: 1
    m_PVRDenoiserTypeAO: 1
    m_PVRFilterTypeDirect: 0
    m_PVRFilterTypeIndirect: 0
    m_PVRFilterTypeAO: 0
    m_PVREnvironmentMIS: 1
    m_PVRCulling: 1
    m_PVRFilteringGaussRadiusDirect: 1
    m_PVRFilteringGaussRadiusIndirect: 5
    m_PVRFilteringGaussRadiusAO: 2
    m_PVRFilteringAtrousPositionSigmaDirect: 0.5
    m_PVRFilteringAtrousPositionSigmaIndirect: 2
    m_PVRFilteringAtrousPositionSigmaAO: 1
    m_ExportTrainingData: 0
    m_TrainingDataDestination: TrainingData
    m_LightProbeSampleCountMultiplier: 4
  m_LightingDataAsset: {fileID: 0}
  m_UseShadowmask: 1
--- !u!196 &4
NavMeshSettings:
  serializedVersion: 2
  m_ObjectHideFlags: 0
  m_BuildSettings:
    serializedVersion: 2
    agentTypeID: 0
    agentRadius: 0.5
    agentHeight: 2
    agentSlope: 45
    agentClimb: 0.4
    ledgeDropHeight: 0
    maxJumpAcrossDistance: 0
    minRegionArea: 2
    manualCellSize: 0
    cellSize: 0.16666667
    manualTileSize: 0
    tileSize: 256
    accuratePlacement: 0
    debug:
      m_Flags: 0
  m_NavMeshData: {fileID: 0}
--- !u!1001 &56818941
PrefabInstance:
  m_ObjectHideFlags: 0
  serializedVersion: 2
  m_Modification:
    m_TransformParent: {fileID: 0}
    m_Modifications:
    - target: {fileID: 9212014679651428897, guid: 374c82a59268c2e43903cd82c780a890,
        type: 3}
      propertyPath: m_Name
      value: LevelPointLight
      objectReference: {fileID: 0}
    - target: {fileID: 9212014679651428903, guid: 374c82a59268c2e43903cd82c780a890,
        type: 3}
      propertyPath: m_LocalPosition.x
      value: 3.18
      objectReference: {fileID: 0}
    - target: {fileID: 9212014679651428903, guid: 374c82a59268c2e43903cd82c780a890,
        type: 3}
      propertyPath: m_LocalPosition.y
      value: 5
      objectReference: {fileID: 0}
    - target: {fileID: 9212014679651428903, guid: 374c82a59268c2e43903cd82c780a890,
        type: 3}
      propertyPath: m_LocalPosition.z
      value: 2
      objectReference: {fileID: 0}
    - target: {fileID: 9212014679651428903, guid: 374c82a59268c2e43903cd82c780a890,
        type: 3}
      propertyPath: m_LocalRotation.x
      value: 0.7071068
      objectReference: {fileID: 0}
    - target: {fileID: 9212014679651428903, guid: 374c82a59268c2e43903cd82c780a890,
        type: 3}
      propertyPath: m_LocalRotation.y
      value: 0
      objectReference: {fileID: 0}
    - target: {fileID: 9212014679651428903, guid: 374c82a59268c2e43903cd82c780a890,
        type: 3}
      propertyPath: m_LocalRotation.z
      value: 0
      objectReference: {fileID: 0}
    - target: {fileID: 9212014679651428903, guid: 374c82a59268c2e43903cd82c780a890,
        type: 3}
      propertyPath: m_LocalRotation.w
      value: 0.7071068
      objectReference: {fileID: 0}
    - target: {fileID: 9212014679651428903, guid: 374c82a59268c2e43903cd82c780a890,
        type: 3}
      propertyPath: m_RootOrder
      value: 6
      objectReference: {fileID: 0}
    - target: {fileID: 9212014679651428903, guid: 374c82a59268c2e43903cd82c780a890,
        type: 3}
      propertyPath: m_LocalEulerAnglesHint.x
      value: 90
      objectReference: {fileID: 0}
    - target: {fileID: 9212014679651428903, guid: 374c82a59268c2e43903cd82c780a890,
        type: 3}
      propertyPath: m_LocalEulerAnglesHint.y
      value: 0
      objectReference: {fileID: 0}
    - target: {fileID: 9212014679651428903, guid: 374c82a59268c2e43903cd82c780a890,
        type: 3}
      propertyPath: m_LocalEulerAnglesHint.z
      value: 0
      objectReference: {fileID: 0}
    m_RemovedComponents: []
  m_SourcePrefab: {fileID: 100100000, guid: 374c82a59268c2e43903cd82c780a890, type: 3}
--- !u!1001 &73167325
PrefabInstance:
  m_ObjectHideFlags: 0
  serializedVersion: 2
  m_Modification:
    m_TransformParent: {fileID: 0}
    m_Modifications:
    - target: {fileID: 6584504991540792911, guid: ad2b83d2c1448c940b3010f3885b8f7c,
        type: 3}
      propertyPath: m_LocalPosition.x
      value: 2
      objectReference: {fileID: 0}
    - target: {fileID: 6584504991540792911, guid: ad2b83d2c1448c940b3010f3885b8f7c,
        type: 3}
      propertyPath: m_LocalPosition.y
      value: 0.099999905
      objectReference: {fileID: 0}
    - target: {fileID: 6584504991540792911, guid: ad2b83d2c1448c940b3010f3885b8f7c,
        type: 3}
      propertyPath: m_LocalPosition.z
      value: 2
      objectReference: {fileID: 0}
    - target: {fileID: 6584504991540792911, guid: ad2b83d2c1448c940b3010f3885b8f7c,
        type: 3}
      propertyPath: m_LocalRotation.x
      value: 0.7071068
      objectReference: {fileID: 0}
    - target: {fileID: 6584504991540792911, guid: ad2b83d2c1448c940b3010f3885b8f7c,
        type: 3}
      propertyPath: m_LocalRotation.y
      value: -0
      objectReference: {fileID: 0}
    - target: {fileID: 6584504991540792911, guid: ad2b83d2c1448c940b3010f3885b8f7c,
        type: 3}
      propertyPath: m_LocalRotation.z
      value: -0
      objectReference: {fileID: 0}
    - target: {fileID: 6584504991540792911, guid: ad2b83d2c1448c940b3010f3885b8f7c,
        type: 3}
      propertyPath: m_LocalRotation.w
      value: 0.7071068
      objectReference: {fileID: 0}
    - target: {fileID: 6584504991540792911, guid: ad2b83d2c1448c940b3010f3885b8f7c,
        type: 3}
      propertyPath: m_RootOrder
      value: 1
      objectReference: {fileID: 0}
    - target: {fileID: 6584504991540792911, guid: ad2b83d2c1448c940b3010f3885b8f7c,
        type: 3}
      propertyPath: m_LocalEulerAnglesHint.x
      value: 90
      objectReference: {fileID: 0}
    - target: {fileID: 6584504991540792911, guid: ad2b83d2c1448c940b3010f3885b8f7c,
        type: 3}
      propertyPath: m_LocalEulerAnglesHint.y
      value: 0
      objectReference: {fileID: 0}
    - target: {fileID: 6584504991540792911, guid: ad2b83d2c1448c940b3010f3885b8f7c,
        type: 3}
      propertyPath: m_LocalEulerAnglesHint.z
      value: 0
      objectReference: {fileID: 0}
    - target: {fileID: 6584504991540792911, guid: ad2b83d2c1448c940b3010f3885b8f7c,
        type: 3}
      propertyPath: m_LocalScale.y
      value: 1
      objectReference: {fileID: 0}
    - target: {fileID: 6584504991540792911, guid: ad2b83d2c1448c940b3010f3885b8f7c,
        type: 3}
      propertyPath: m_LocalScale.z
      value: 1
      objectReference: {fileID: 0}
    - target: {fileID: 9105252847399057798, guid: ad2b83d2c1448c940b3010f3885b8f7c,
        type: 3}
      propertyPath: m_Name
      value: LightTile (1)
      objectReference: {fileID: 0}
    m_RemovedComponents: []
  m_SourcePrefab: {fileID: 100100000, guid: ad2b83d2c1448c940b3010f3885b8f7c, type: 3}
--- !u!1 &255811844
GameObject:
  m_ObjectHideFlags: 0
  m_CorrespondingSourceObject: {fileID: 0}
  m_PrefabInstance: {fileID: 0}
  m_PrefabAsset: {fileID: 0}
  serializedVersion: 6
  m_Component:
  - component: {fileID: 255811847}
  - component: {fileID: 255811846}
  - component: {fileID: 255811845}
  m_Layer: 0
  m_Name: D
  m_TagString: Untagged
  m_Icon: {fileID: 0}
  m_NavMeshLayer: 0
  m_StaticEditorFlags: 0
  m_IsActive: 1
--- !u!102 &255811845
TextMesh:
  serializedVersion: 3
  m_ObjectHideFlags: 0
  m_CorrespondingSourceObject: {fileID: 0}
  m_PrefabInstance: {fileID: 0}
  m_PrefabAsset: {fileID: 0}
  m_GameObject: {fileID: 255811844}
  m_Text: D
  m_OffsetZ: 0
  m_CharacterSize: 1
  m_LineSpacing: 1
  m_Anchor: 4
  m_Alignment: 1
  m_TabSize: 4
  m_FontSize: 500
  m_FontStyle: 0
  m_RichText: 1
  m_Font: {fileID: 10102, guid: 0000000000000000e000000000000000, type: 0}
  m_Color:
    serializedVersion: 2
    rgba: 4294967295
--- !u!23 &255811846
MeshRenderer:
  m_ObjectHideFlags: 0
  m_CorrespondingSourceObject: {fileID: 0}
  m_PrefabInstance: {fileID: 0}
  m_PrefabAsset: {fileID: 0}
  m_GameObject: {fileID: 255811844}
  m_Enabled: 1
  m_CastShadows: 1
  m_ReceiveShadows: 1
  m_DynamicOccludee: 1
  m_MotionVectors: 1
  m_LightProbeUsage: 1
  m_ReflectionProbeUsage: 1
  m_RayTracingMode: 2
  m_RenderingLayerMask: 1
  m_RendererPriority: 0
  m_Materials:
  - {fileID: 2100000, guid: 46d2b82d19de8034084628b9f6d72275, type: 2}
  m_StaticBatchInfo:
    firstSubMesh: 0
    subMeshCount: 0
  m_StaticBatchRoot: {fileID: 0}
  m_ProbeAnchor: {fileID: 0}
  m_LightProbeVolumeOverride: {fileID: 0}
  m_ScaleInLightmap: 1
  m_ReceiveGI: 1
  m_PreserveUVs: 0
  m_IgnoreNormalsForChartDetection: 0
  m_ImportantGI: 0
  m_StitchLightmapSeams: 1
  m_SelectedEditorRenderState: 3
  m_MinimumChartSize: 4
  m_AutoUVMaxDistance: 0.5
  m_AutoUVMaxAngle: 89
  m_LightmapParameters: {fileID: 0}
  m_SortingLayerID: 0
  m_SortingLayer: 0
  m_SortingOrder: 0
--- !u!4 &255811847
Transform:
  m_ObjectHideFlags: 0
  m_CorrespondingSourceObject: {fileID: 0}
  m_PrefabInstance: {fileID: 0}
  m_PrefabAsset: {fileID: 0}
  m_GameObject: {fileID: 255811844}
  m_LocalRotation: {x: 0.7071068, y: 0, z: 0, w: 0.7071068}
  m_LocalPosition: {x: 5.25, y: 0.11, z: 4}
  m_LocalScale: {x: 0.01, y: 0.0075, z: 1}
  m_Children: []
  m_Father: {fileID: 0}
  m_RootOrder: 19
  m_LocalEulerAnglesHint: {x: 90, y: 0, z: 0}
--- !u!1 &407190528
GameObject:
  m_ObjectHideFlags: 0
  m_CorrespondingSourceObject: {fileID: 0}
  m_PrefabInstance: {fileID: 0}
  m_PrefabAsset: {fileID: 0}
  serializedVersion: 6
  m_Component:
  - component: {fileID: 407190531}
  - component: {fileID: 407190530}
  - component: {fileID: 407190529}
  m_Layer: 0
  m_Name: Left
  m_TagString: Untagged
  m_Icon: {fileID: 0}
  m_NavMeshLayer: 0
  m_StaticEditorFlags: 0
  m_IsActive: 1
--- !u!102 &407190529
TextMesh:
  serializedVersion: 3
  m_ObjectHideFlags: 0
  m_CorrespondingSourceObject: {fileID: 0}
  m_PrefabInstance: {fileID: 0}
  m_PrefabAsset: {fileID: 0}
  m_GameObject: {fileID: 407190528}
  m_Text: '^

    |'
  m_OffsetZ: 0
  m_CharacterSize: 1
  m_LineSpacing: 0
  m_Anchor: 4
  m_Alignment: 1
  m_TabSize: 4
  m_FontSize: 500
  m_FontStyle: 0
  m_RichText: 1
  m_Font: {fileID: 10102, guid: 0000000000000000e000000000000000, type: 0}
  m_Color:
    serializedVersion: 2
    rgba: 4294967295
--- !u!23 &407190530
MeshRenderer:
  m_ObjectHideFlags: 0
  m_CorrespondingSourceObject: {fileID: 0}
  m_PrefabInstance: {fileID: 0}
  m_PrefabAsset: {fileID: 0}
  m_GameObject: {fileID: 407190528}
  m_Enabled: 1
  m_CastShadows: 1
  m_ReceiveShadows: 1
  m_DynamicOccludee: 1
  m_MotionVectors: 1
  m_LightProbeUsage: 1
  m_ReflectionProbeUsage: 1
  m_RayTracingMode: 2
  m_RenderingLayerMask: 1
  m_RendererPriority: 0
  m_Materials:
  - {fileID: 2100000, guid: 46d2b82d19de8034084628b9f6d72275, type: 2}
  m_StaticBatchInfo:
    firstSubMesh: 0
    subMeshCount: 0
  m_StaticBatchRoot: {fileID: 0}
  m_ProbeAnchor: {fileID: 0}
  m_LightProbeVolumeOverride: {fileID: 0}
  m_ScaleInLightmap: 1
  m_ReceiveGI: 1
  m_PreserveUVs: 0
  m_IgnoreNormalsForChartDetection: 0
  m_ImportantGI: 0
  m_StitchLightmapSeams: 1
  m_SelectedEditorRenderState: 3
  m_MinimumChartSize: 4
  m_AutoUVMaxDistance: 0.5
  m_AutoUVMaxAngle: 89
  m_LightmapParameters: {fileID: 0}
  m_SortingLayerID: 0
  m_SortingLayer: 0
  m_SortingOrder: 0
--- !u!4 &407190531
Transform:
  m_ObjectHideFlags: 0
  m_CorrespondingSourceObject: {fileID: 0}
  m_PrefabInstance: {fileID: 0}
  m_PrefabAsset: {fileID: 0}
  m_GameObject: {fileID: 407190528}
  m_LocalRotation: {x: 0.5, y: -0.5, z: 0.5, w: 0.5}
  m_LocalPosition: {x: 3.15, y: 0.11, z: 4}
  m_LocalScale: {x: 0.02, y: 0.01, z: 1}
  m_Children: []
  m_Father: {fileID: 0}
  m_RootOrder: 16
  m_LocalEulerAnglesHint: {x: 90, y: -90, z: 0}
--- !u!1001 &575764615
PrefabInstance:
  m_ObjectHideFlags: 0
  serializedVersion: 2
  m_Modification:
    m_TransformParent: {fileID: 0}
    m_Modifications:
    - target: {fileID: 6584504991540792911, guid: ad2b83d2c1448c940b3010f3885b8f7c,
        type: 3}
      propertyPath: m_LocalPosition.x
      value: 3
      objectReference: {fileID: 0}
    - target: {fileID: 6584504991540792911, guid: ad2b83d2c1448c940b3010f3885b8f7c,
        type: 3}
      propertyPath: m_LocalPosition.y
      value: 0.099999905
      objectReference: {fileID: 0}
    - target: {fileID: 6584504991540792911, guid: ad2b83d2c1448c940b3010f3885b8f7c,
        type: 3}
      propertyPath: m_LocalPosition.z
      value: -1
      objectReference: {fileID: 0}
    - target: {fileID: 6584504991540792911, guid: ad2b83d2c1448c940b3010f3885b8f7c,
        type: 3}
      propertyPath: m_LocalRotation.x
      value: 0.7071068
      objectReference: {fileID: 0}
    - target: {fileID: 6584504991540792911, guid: ad2b83d2c1448c940b3010f3885b8f7c,
        type: 3}
      propertyPath: m_LocalRotation.y
      value: -0
      objectReference: {fileID: 0}
    - target: {fileID: 6584504991540792911, guid: ad2b83d2c1448c940b3010f3885b8f7c,
        type: 3}
      propertyPath: m_LocalRotation.z
      value: -0
      objectReference: {fileID: 0}
    - target: {fileID: 6584504991540792911, guid: ad2b83d2c1448c940b3010f3885b8f7c,
        type: 3}
      propertyPath: m_LocalRotation.w
      value: 0.7071068
      objectReference: {fileID: 0}
    - target: {fileID: 6584504991540792911, guid: ad2b83d2c1448c940b3010f3885b8f7c,
        type: 3}
      propertyPath: m_RootOrder
      value: 5
      objectReference: {fileID: 0}
    - target: {fileID: 6584504991540792911, guid: ad2b83d2c1448c940b3010f3885b8f7c,
        type: 3}
      propertyPath: m_LocalEulerAnglesHint.x
      value: 90
      objectReference: {fileID: 0}
    - target: {fileID: 6584504991540792911, guid: ad2b83d2c1448c940b3010f3885b8f7c,
        type: 3}
      propertyPath: m_LocalEulerAnglesHint.y
      value: 0
      objectReference: {fileID: 0}
    - target: {fileID: 6584504991540792911, guid: ad2b83d2c1448c940b3010f3885b8f7c,
        type: 3}
      propertyPath: m_LocalEulerAnglesHint.z
      value: 0
      objectReference: {fileID: 0}
    - target: {fileID: 6584504991540792911, guid: ad2b83d2c1448c940b3010f3885b8f7c,
        type: 3}
      propertyPath: m_LocalScale.y
      value: 1
      objectReference: {fileID: 0}
    - target: {fileID: 6584504991540792911, guid: ad2b83d2c1448c940b3010f3885b8f7c,
        type: 3}
      propertyPath: m_LocalScale.z
      value: 1
      objectReference: {fileID: 0}
    - target: {fileID: 9105252847399057798, guid: ad2b83d2c1448c940b3010f3885b8f7c,
        type: 3}
      propertyPath: m_Name
      value: LightTile (5)
      objectReference: {fileID: 0}
    m_RemovedComponents: []
  m_SourcePrefab: {fileID: 100100000, guid: ad2b83d2c1448c940b3010f3885b8f7c, type: 3}
--- !u!1001 &613527087
PrefabInstance:
  m_ObjectHideFlags: 0
  serializedVersion: 2
  m_Modification:
    m_TransformParent: {fileID: 0}
    m_Modifications:
    - target: {fileID: 5736243087587496465, guid: cae7c21b1d7136b40a1bad25298b53b6,
        type: 3}
      propertyPath: m_Name
      value: RustTile (2)
      objectReference: {fileID: 0}
    - target: {fileID: 5736243087587496465, guid: cae7c21b1d7136b40a1bad25298b53b6,
        type: 3}
      propertyPath: m_IsActive
      value: 1
      objectReference: {fileID: 0}
    - target: {fileID: 8773121384582193154, guid: cae7c21b1d7136b40a1bad25298b53b6,
        type: 3}
      propertyPath: m_LocalPosition.x
      value: 4
      objectReference: {fileID: 0}
    - target: {fileID: 8773121384582193154, guid: cae7c21b1d7136b40a1bad25298b53b6,
        type: 3}
      propertyPath: m_LocalPosition.y
      value: 0
      objectReference: {fileID: 0}
    - target: {fileID: 8773121384582193154, guid: cae7c21b1d7136b40a1bad25298b53b6,
        type: 3}
      propertyPath: m_LocalPosition.z
      value: 4
      objectReference: {fileID: 0}
    - target: {fileID: 8773121384582193154, guid: cae7c21b1d7136b40a1bad25298b53b6,
        type: 3}
      propertyPath: m_LocalRotation.x
      value: 0
      objectReference: {fileID: 0}
    - target: {fileID: 8773121384582193154, guid: cae7c21b1d7136b40a1bad25298b53b6,
        type: 3}
      propertyPath: m_LocalRotation.y
      value: -0
      objectReference: {fileID: 0}
    - target: {fileID: 8773121384582193154, guid: cae7c21b1d7136b40a1bad25298b53b6,
        type: 3}
      propertyPath: m_LocalRotation.z
      value: -0
      objectReference: {fileID: 0}
    - target: {fileID: 8773121384582193154, guid: cae7c21b1d7136b40a1bad25298b53b6,
        type: 3}
      propertyPath: m_LocalRotation.w
      value: 1
      objectReference: {fileID: 0}
    - target: {fileID: 8773121384582193154, guid: cae7c21b1d7136b40a1bad25298b53b6,
        type: 3}
      propertyPath: m_RootOrder
      value: 24
      objectReference: {fileID: 0}
    - target: {fileID: 8773121384582193154, guid: cae7c21b1d7136b40a1bad25298b53b6,
        type: 3}
      propertyPath: m_LocalEulerAnglesHint.x
      value: 0
      objectReference: {fileID: 0}
    - target: {fileID: 8773121384582193154, guid: cae7c21b1d7136b40a1bad25298b53b6,
        type: 3}
      propertyPath: m_LocalEulerAnglesHint.y
      value: 0
      objectReference: {fileID: 0}
    - target: {fileID: 8773121384582193154, guid: cae7c21b1d7136b40a1bad25298b53b6,
        type: 3}
      propertyPath: m_LocalEulerAnglesHint.z
      value: 0
      objectReference: {fileID: 0}
    m_RemovedComponents: []
  m_SourcePrefab: {fileID: 100100000, guid: cae7c21b1d7136b40a1bad25298b53b6, type: 3}
--- !u!1001 &674083559
PrefabInstance:
  m_ObjectHideFlags: 0
  serializedVersion: 2
  m_Modification:
    m_TransformParent: {fileID: 0}
    m_Modifications:
    - target: {fileID: 6584504991540792911, guid: ad2b83d2c1448c940b3010f3885b8f7c,
        type: 3}
      propertyPath: m_LocalPosition.x
      value: 2
      objectReference: {fileID: 0}
    - target: {fileID: 6584504991540792911, guid: ad2b83d2c1448c940b3010f3885b8f7c,
        type: 3}
      propertyPath: m_LocalPosition.y
      value: 0.099999905
      objectReference: {fileID: 0}
    - target: {fileID: 6584504991540792911, guid: ad2b83d2c1448c940b3010f3885b8f7c,
        type: 3}
      propertyPath: m_LocalPosition.z
      value: 3
      objectReference: {fileID: 0}
    - target: {fileID: 6584504991540792911, guid: ad2b83d2c1448c940b3010f3885b8f7c,
        type: 3}
      propertyPath: m_LocalRotation.x
      value: 0.7071068
      objectReference: {fileID: 0}
    - target: {fileID: 6584504991540792911, guid: ad2b83d2c1448c940b3010f3885b8f7c,
        type: 3}
      propertyPath: m_LocalRotation.y
      value: -0
      objectReference: {fileID: 0}
    - target: {fileID: 6584504991540792911, guid: ad2b83d2c1448c940b3010f3885b8f7c,
        type: 3}
      propertyPath: m_LocalRotation.z
      value: -0
      objectReference: {fileID: 0}
    - target: {fileID: 6584504991540792911, guid: ad2b83d2c1448c940b3010f3885b8f7c,
        type: 3}
      propertyPath: m_LocalRotation.w
      value: 0.7071068
      objectReference: {fileID: 0}
    - target: {fileID: 6584504991540792911, guid: ad2b83d2c1448c940b3010f3885b8f7c,
        type: 3}
      propertyPath: m_RootOrder
      value: 0
      objectReference: {fileID: 0}
    - target: {fileID: 6584504991540792911, guid: ad2b83d2c1448c940b3010f3885b8f7c,
        type: 3}
      propertyPath: m_LocalEulerAnglesHint.x
      value: 90
      objectReference: {fileID: 0}
    - target: {fileID: 6584504991540792911, guid: ad2b83d2c1448c940b3010f3885b8f7c,
        type: 3}
      propertyPath: m_LocalEulerAnglesHint.y
      value: 0
      objectReference: {fileID: 0}
    - target: {fileID: 6584504991540792911, guid: ad2b83d2c1448c940b3010f3885b8f7c,
        type: 3}
      propertyPath: m_LocalEulerAnglesHint.z
      value: 0
      objectReference: {fileID: 0}
    - target: {fileID: 6584504991540792911, guid: ad2b83d2c1448c940b3010f3885b8f7c,
        type: 3}
      propertyPath: m_LocalScale.y
      value: 1
      objectReference: {fileID: 0}
    - target: {fileID: 6584504991540792911, guid: ad2b83d2c1448c940b3010f3885b8f7c,
        type: 3}
      propertyPath: m_LocalScale.z
      value: 1
      objectReference: {fileID: 0}
    - target: {fileID: 9105252847399057798, guid: ad2b83d2c1448c940b3010f3885b8f7c,
        type: 3}
      propertyPath: m_Name
      value: LightTile
      objectReference: {fileID: 0}
    m_RemovedComponents: []
  m_SourcePrefab: {fileID: 100100000, guid: ad2b83d2c1448c940b3010f3885b8f7c, type: 3}
--- !u!1001 &738264114
PrefabInstance:
  m_ObjectHideFlags: 0
  serializedVersion: 2
  m_Modification:
    m_TransformParent: {fileID: 0}
    m_Modifications:
    - target: {fileID: 182338538, guid: ef61ee152f3350141a84faf128e49257, type: 3}
      propertyPath: m_AnchoredPosition.y
      value: 51.965332
      objectReference: {fileID: 0}
    - target: {fileID: 285086035117167778, guid: ef61ee152f3350141a84faf128e49257,
        type: 3}
      propertyPath: m_Enabled
      value: 0
      objectReference: {fileID: 0}
    - target: {fileID: 3903874088357143530, guid: ef61ee152f3350141a84faf128e49257,
        type: 3}
      propertyPath: m_Camera
      value: 
      objectReference: {fileID: 1852855273}
    - target: {fileID: 5039318907875749092, guid: ef61ee152f3350141a84faf128e49257,
        type: 3}
      propertyPath: m_LocalPosition.x
      value: -12.443224
      objectReference: {fileID: 0}
    - target: {fileID: 5039318907875749092, guid: ef61ee152f3350141a84faf128e49257,
        type: 3}
      propertyPath: m_LocalPosition.y
      value: -11.66462
      objectReference: {fileID: 0}
    - target: {fileID: 5039318907875749092, guid: ef61ee152f3350141a84faf128e49257,
        type: 3}
      propertyPath: m_LocalPosition.z
      value: 25.498852
      objectReference: {fileID: 0}
    - target: {fileID: 5039318907875749092, guid: ef61ee152f3350141a84faf128e49257,
        type: 3}
      propertyPath: m_LocalRotation.x
      value: 0
      objectReference: {fileID: 0}
    - target: {fileID: 5039318907875749092, guid: ef61ee152f3350141a84faf128e49257,
        type: 3}
      propertyPath: m_LocalRotation.y
      value: 0
      objectReference: {fileID: 0}
    - target: {fileID: 5039318907875749092, guid: ef61ee152f3350141a84faf128e49257,
        type: 3}
      propertyPath: m_LocalRotation.z
      value: 0
      objectReference: {fileID: 0}
    - target: {fileID: 5039318907875749092, guid: ef61ee152f3350141a84faf128e49257,
        type: 3}
      propertyPath: m_LocalRotation.w
      value: 1
      objectReference: {fileID: 0}
    - target: {fileID: 5039318907875749092, guid: ef61ee152f3350141a84faf128e49257,
        type: 3}
      propertyPath: m_RootOrder
      value: 10
      objectReference: {fileID: 0}
    - target: {fileID: 5039318907875749092, guid: ef61ee152f3350141a84faf128e49257,
        type: 3}
      propertyPath: m_LocalEulerAnglesHint.x
      value: 0
      objectReference: {fileID: 0}
    - target: {fileID: 5039318907875749092, guid: ef61ee152f3350141a84faf128e49257,
        type: 3}
      propertyPath: m_LocalEulerAnglesHint.y
      value: 0
      objectReference: {fileID: 0}
    - target: {fileID: 5039318907875749092, guid: ef61ee152f3350141a84faf128e49257,
        type: 3}
      propertyPath: m_LocalEulerAnglesHint.z
      value: 0
      objectReference: {fileID: 0}
    - target: {fileID: 5039318907875749093, guid: ef61ee152f3350141a84faf128e49257,
        type: 3}
      propertyPath: m_Name
      value: GameUI
      objectReference: {fileID: 0}
    - target: {fileID: 5532518766150996171, guid: ef61ee152f3350141a84faf128e49257,
        type: 3}
      propertyPath: m_IsActive
      value: 0
      objectReference: {fileID: 0}
    m_RemovedComponents: []
  m_SourcePrefab: {fileID: 100100000, guid: ef61ee152f3350141a84faf128e49257, type: 3}
--- !u!1 &797136919
GameObject:
  m_ObjectHideFlags: 0
  m_CorrespondingSourceObject: {fileID: 0}
  m_PrefabInstance: {fileID: 0}
  m_PrefabAsset: {fileID: 0}
  serializedVersion: 6
  m_Component:
  - component: {fileID: 797136922}
  - component: {fileID: 797136921}
  - component: {fileID: 797136920}
  m_Layer: 0
  m_Name: Up
  m_TagString: Untagged
  m_Icon: {fileID: 0}
  m_NavMeshLayer: 0
  m_StaticEditorFlags: 0
  m_IsActive: 1
--- !u!102 &797136920
TextMesh:
  serializedVersion: 3
  m_ObjectHideFlags: 0
  m_CorrespondingSourceObject: {fileID: 0}
  m_PrefabInstance: {fileID: 0}
  m_PrefabAsset: {fileID: 0}
  m_GameObject: {fileID: 797136919}
  m_Text: '^

    |'
  m_OffsetZ: 0
  m_CharacterSize: 1
  m_LineSpacing: 0
  m_Anchor: 4
  m_Alignment: 1
  m_TabSize: 4
  m_FontSize: 500
  m_FontStyle: 0
  m_RichText: 1
  m_Font: {fileID: 10102, guid: 0000000000000000e000000000000000, type: 0}
  m_Color:
    serializedVersion: 2
    rgba: 4294967295
--- !u!23 &797136921
MeshRenderer:
  m_ObjectHideFlags: 0
  m_CorrespondingSourceObject: {fileID: 0}
  m_PrefabInstance: {fileID: 0}
  m_PrefabAsset: {fileID: 0}
  m_GameObject: {fileID: 797136919}
  m_Enabled: 1
  m_CastShadows: 1
  m_ReceiveShadows: 1
  m_DynamicOccludee: 1
  m_MotionVectors: 1
  m_LightProbeUsage: 1
  m_ReflectionProbeUsage: 1
  m_RayTracingMode: 2
  m_RenderingLayerMask: 1
  m_RendererPriority: 0
  m_Materials:
  - {fileID: 2100000, guid: 46d2b82d19de8034084628b9f6d72275, type: 2}
  m_StaticBatchInfo:
    firstSubMesh: 0
    subMeshCount: 0
  m_StaticBatchRoot: {fileID: 0}
  m_ProbeAnchor: {fileID: 0}
  m_LightProbeVolumeOverride: {fileID: 0}
  m_ScaleInLightmap: 1
  m_ReceiveGI: 1
  m_PreserveUVs: 0
  m_IgnoreNormalsForChartDetection: 0
  m_ImportantGI: 0
  m_StitchLightmapSeams: 1
  m_SelectedEditorRenderState: 3
  m_MinimumChartSize: 4
  m_AutoUVMaxDistance: 0.5
  m_AutoUVMaxAngle: 89
  m_LightmapParameters: {fileID: 0}
  m_SortingLayerID: 0
  m_SortingLayer: 0
  m_SortingOrder: 0
--- !u!4 &797136922
Transform:
  m_ObjectHideFlags: 0
  m_CorrespondingSourceObject: {fileID: 0}
  m_PrefabInstance: {fileID: 0}
  m_PrefabAsset: {fileID: 0}
  m_GameObject: {fileID: 797136919}
  m_LocalRotation: {x: 0.7071068, y: 0, z: 0, w: 0.7071068}
  m_LocalPosition: {x: 4, y: 0.11, z: 4.85}
  m_LocalScale: {x: 0.02, y: 0.01, z: 1}
  m_Children: []
  m_Father: {fileID: 0}
  m_RootOrder: 14
  m_LocalEulerAnglesHint: {x: 90, y: 0, z: 0}
--- !u!1001 &852872397
PrefabInstance:
  m_ObjectHideFlags: 0
  serializedVersion: 2
  m_Modification:
    m_TransformParent: {fileID: 0}
    m_Modifications:
    - target: {fileID: 6584504991540792911, guid: ad2b83d2c1448c940b3010f3885b8f7c,
        type: 3}
      propertyPath: m_LocalPosition.x
      value: 2
      objectReference: {fileID: 0}
    - target: {fileID: 6584504991540792911, guid: ad2b83d2c1448c940b3010f3885b8f7c,
        type: 3}
      propertyPath: m_LocalPosition.y
      value: 0.099999905
      objectReference: {fileID: 0}
    - target: {fileID: 6584504991540792911, guid: ad2b83d2c1448c940b3010f3885b8f7c,
        type: 3}
      propertyPath: m_LocalPosition.z
      value: 1
      objectReference: {fileID: 0}
    - target: {fileID: 6584504991540792911, guid: ad2b83d2c1448c940b3010f3885b8f7c,
        type: 3}
      propertyPath: m_LocalRotation.x
      value: 0.7071068
      objectReference: {fileID: 0}
    - target: {fileID: 6584504991540792911, guid: ad2b83d2c1448c940b3010f3885b8f7c,
        type: 3}
      propertyPath: m_LocalRotation.y
      value: -0
      objectReference: {fileID: 0}
    - target: {fileID: 6584504991540792911, guid: ad2b83d2c1448c940b3010f3885b8f7c,
        type: 3}
      propertyPath: m_LocalRotation.z
      value: -0
      objectReference: {fileID: 0}
    - target: {fileID: 6584504991540792911, guid: ad2b83d2c1448c940b3010f3885b8f7c,
        type: 3}
      propertyPath: m_LocalRotation.w
      value: 0.7071068
      objectReference: {fileID: 0}
    - target: {fileID: 6584504991540792911, guid: ad2b83d2c1448c940b3010f3885b8f7c,
        type: 3}
      propertyPath: m_RootOrder
      value: 2
      objectReference: {fileID: 0}
    - target: {fileID: 6584504991540792911, guid: ad2b83d2c1448c940b3010f3885b8f7c,
        type: 3}
      propertyPath: m_LocalEulerAnglesHint.x
      value: 90
      objectReference: {fileID: 0}
    - target: {fileID: 6584504991540792911, guid: ad2b83d2c1448c940b3010f3885b8f7c,
        type: 3}
      propertyPath: m_LocalEulerAnglesHint.y
      value: 0
      objectReference: {fileID: 0}
    - target: {fileID: 6584504991540792911, guid: ad2b83d2c1448c940b3010f3885b8f7c,
        type: 3}
      propertyPath: m_LocalEulerAnglesHint.z
      value: 0
      objectReference: {fileID: 0}
    - target: {fileID: 6584504991540792911, guid: ad2b83d2c1448c940b3010f3885b8f7c,
        type: 3}
      propertyPath: m_LocalScale.y
      value: 1
      objectReference: {fileID: 0}
    - target: {fileID: 6584504991540792911, guid: ad2b83d2c1448c940b3010f3885b8f7c,
        type: 3}
      propertyPath: m_LocalScale.z
      value: 1
      objectReference: {fileID: 0}
    - target: {fileID: 9105252847399057798, guid: ad2b83d2c1448c940b3010f3885b8f7c,
        type: 3}
      propertyPath: m_Name
      value: LightTile (2)
      objectReference: {fileID: 0}
    m_RemovedComponents: []
  m_SourcePrefab: {fileID: 100100000, guid: ad2b83d2c1448c940b3010f3885b8f7c, type: 3}
--- !u!1 &887845177
GameObject:
  m_ObjectHideFlags: 0
  m_CorrespondingSourceObject: {fileID: 0}
  m_PrefabInstance: {fileID: 0}
  m_PrefabAsset: {fileID: 0}
  serializedVersion: 6
  m_Component:
  - component: {fileID: 887845180}
  - component: {fileID: 887845179}
  - component: {fileID: 887845178}
  m_Layer: 0
  m_Name: S
  m_TagString: Untagged
  m_Icon: {fileID: 0}
  m_NavMeshLayer: 0
  m_StaticEditorFlags: 0
  m_IsActive: 1
--- !u!102 &887845178
TextMesh:
  serializedVersion: 3
  m_ObjectHideFlags: 0
  m_CorrespondingSourceObject: {fileID: 0}
  m_PrefabInstance: {fileID: 0}
  m_PrefabAsset: {fileID: 0}
  m_GameObject: {fileID: 887845177}
  m_Text: S
  m_OffsetZ: 0
  m_CharacterSize: 1
  m_LineSpacing: 1
  m_Anchor: 4
  m_Alignment: 1
  m_TabSize: 4
  m_FontSize: 500
  m_FontStyle: 0
  m_RichText: 1
  m_Font: {fileID: 10102, guid: 0000000000000000e000000000000000, type: 0}
  m_Color:
    serializedVersion: 2
    rgba: 4294967295
--- !u!23 &887845179
MeshRenderer:
  m_ObjectHideFlags: 0
  m_CorrespondingSourceObject: {fileID: 0}
  m_PrefabInstance: {fileID: 0}
  m_PrefabAsset: {fileID: 0}
  m_GameObject: {fileID: 887845177}
  m_Enabled: 1
  m_CastShadows: 1
  m_ReceiveShadows: 1
  m_DynamicOccludee: 1
  m_MotionVectors: 1
  m_LightProbeUsage: 1
  m_ReflectionProbeUsage: 1
  m_RayTracingMode: 2
  m_RenderingLayerMask: 1
  m_RendererPriority: 0
  m_Materials:
  - {fileID: 2100000, guid: 46d2b82d19de8034084628b9f6d72275, type: 2}
  m_StaticBatchInfo:
    firstSubMesh: 0
    subMeshCount: 0
  m_StaticBatchRoot: {fileID: 0}
  m_ProbeAnchor: {fileID: 0}
  m_LightProbeVolumeOverride: {fileID: 0}
  m_ScaleInLightmap: 1
  m_ReceiveGI: 1
  m_PreserveUVs: 0
  m_IgnoreNormalsForChartDetection: 0
  m_ImportantGI: 0
  m_StitchLightmapSeams: 1
  m_SelectedEditorRenderState: 3
  m_MinimumChartSize: 4
  m_AutoUVMaxDistance: 0.5
  m_AutoUVMaxAngle: 89
  m_LightmapParameters: {fileID: 0}
  m_SortingLayerID: 0
  m_SortingLayer: 0
  m_SortingOrder: 0
--- !u!4 &887845180
Transform:
  m_ObjectHideFlags: 0
  m_CorrespondingSourceObject: {fileID: 0}
  m_PrefabInstance: {fileID: 0}
  m_PrefabAsset: {fileID: 0}
  m_GameObject: {fileID: 887845177}
  m_LocalRotation: {x: 0.7071068, y: 0, z: 0, w: 0.7071068}
  m_LocalPosition: {x: 4, y: 0.11, z: 2.75}
  m_LocalScale: {x: 0.01, y: 0.0075, z: 1}
  m_Children: []
  m_Father: {fileID: 0}
  m_RootOrder: 17
  m_LocalEulerAnglesHint: {x: 90, y: 0, z: 0}
--- !u!1 &1043408105
GameObject:
  m_ObjectHideFlags: 0
  m_CorrespondingSourceObject: {fileID: 0}
  m_PrefabInstance: {fileID: 0}
  m_PrefabAsset: {fileID: 0}
  serializedVersion: 6
  m_Component:
  - component: {fileID: 1043408108}
  - component: {fileID: 1043408107}
  - component: {fileID: 1043408106}
  m_Layer: 0
  m_Name: Down
  m_TagString: Untagged
  m_Icon: {fileID: 0}
  m_NavMeshLayer: 0
  m_StaticEditorFlags: 0
  m_IsActive: 1
--- !u!102 &1043408106
TextMesh:
  serializedVersion: 3
  m_ObjectHideFlags: 0
  m_CorrespondingSourceObject: {fileID: 0}
  m_PrefabInstance: {fileID: 0}
  m_PrefabAsset: {fileID: 0}
  m_GameObject: {fileID: 1043408105}
  m_Text: '^

    |'
  m_OffsetZ: 0
  m_CharacterSize: 1
  m_LineSpacing: 0
  m_Anchor: 4
  m_Alignment: 1
  m_TabSize: 4
  m_FontSize: 500
  m_FontStyle: 0
  m_RichText: 1
  m_Font: {fileID: 10102, guid: 0000000000000000e000000000000000, type: 0}
  m_Color:
    serializedVersion: 2
    rgba: 4294967295
--- !u!23 &1043408107
MeshRenderer:
  m_ObjectHideFlags: 0
  m_CorrespondingSourceObject: {fileID: 0}
  m_PrefabInstance: {fileID: 0}
  m_PrefabAsset: {fileID: 0}
  m_GameObject: {fileID: 1043408105}
  m_Enabled: 1
  m_CastShadows: 1
  m_ReceiveShadows: 1
  m_DynamicOccludee: 1
  m_MotionVectors: 1
  m_LightProbeUsage: 1
  m_ReflectionProbeUsage: 1
  m_RayTracingMode: 2
  m_RenderingLayerMask: 1
  m_RendererPriority: 0
  m_Materials:
  - {fileID: 2100000, guid: 46d2b82d19de8034084628b9f6d72275, type: 2}
  m_StaticBatchInfo:
    firstSubMesh: 0
    subMeshCount: 0
  m_StaticBatchRoot: {fileID: 0}
  m_ProbeAnchor: {fileID: 0}
  m_LightProbeVolumeOverride: {fileID: 0}
  m_ScaleInLightmap: 1
  m_ReceiveGI: 1
  m_PreserveUVs: 0
  m_IgnoreNormalsForChartDetection: 0
  m_ImportantGI: 0
  m_StitchLightmapSeams: 1
  m_SelectedEditorRenderState: 3
  m_MinimumChartSize: 4
  m_AutoUVMaxDistance: 0.5
  m_AutoUVMaxAngle: 89
  m_LightmapParameters: {fileID: 0}
  m_SortingLayerID: 0
  m_SortingLayer: 0
  m_SortingOrder: 0
--- !u!4 &1043408108
Transform:
  m_ObjectHideFlags: 0
  m_CorrespondingSourceObject: {fileID: 0}
  m_PrefabInstance: {fileID: 0}
  m_PrefabAsset: {fileID: 0}
  m_GameObject: {fileID: 1043408105}
  m_LocalRotation: {x: 0, y: 0.7071068, z: -0.7071068, w: 0}
  m_LocalPosition: {x: 4, y: 0.11, z: 3.15}
  m_LocalScale: {x: 0.02, y: 0.01, z: 1}
  m_Children: []
  m_Father: {fileID: 0}
  m_RootOrder: 18
  m_LocalEulerAnglesHint: {x: 90, y: 180, z: 0}
--- !u!1001 &1087965585
PrefabInstance:
  m_ObjectHideFlags: 0
  serializedVersion: 2
  m_Modification:
    m_TransformParent: {fileID: 0}
    m_Modifications:
    - target: {fileID: 5736243087587496465, guid: cae7c21b1d7136b40a1bad25298b53b6,
        type: 3}
      propertyPath: m_Name
      value: RustTile (6)
      objectReference: {fileID: 0}
    - target: {fileID: 5736243087587496465, guid: cae7c21b1d7136b40a1bad25298b53b6,
        type: 3}
      propertyPath: m_IsActive
      value: 1
      objectReference: {fileID: 0}
    - target: {fileID: 8773121384582193154, guid: cae7c21b1d7136b40a1bad25298b53b6,
        type: 3}
      propertyPath: m_LocalPosition.x
      value: 5
      objectReference: {fileID: 0}
    - target: {fileID: 8773121384582193154, guid: cae7c21b1d7136b40a1bad25298b53b6,
        type: 3}
      propertyPath: m_LocalPosition.y
      value: 0
      objectReference: {fileID: 0}
    - target: {fileID: 8773121384582193154, guid: cae7c21b1d7136b40a1bad25298b53b6,
        type: 3}
      propertyPath: m_LocalPosition.z
      value: 4
      objectReference: {fileID: 0}
    - target: {fileID: 8773121384582193154, guid: cae7c21b1d7136b40a1bad25298b53b6,
        type: 3}
      propertyPath: m_LocalRotation.x
      value: 0
      objectReference: {fileID: 0}
    - target: {fileID: 8773121384582193154, guid: cae7c21b1d7136b40a1bad25298b53b6,
        type: 3}
      propertyPath: m_LocalRotation.y
      value: -0
      objectReference: {fileID: 0}
    - target: {fileID: 8773121384582193154, guid: cae7c21b1d7136b40a1bad25298b53b6,
        type: 3}
      propertyPath: m_LocalRotation.z
      value: -0
      objectReference: {fileID: 0}
    - target: {fileID: 8773121384582193154, guid: cae7c21b1d7136b40a1bad25298b53b6,
        type: 3}
      propertyPath: m_LocalRotation.w
      value: 1
      objectReference: {fileID: 0}
    - target: {fileID: 8773121384582193154, guid: cae7c21b1d7136b40a1bad25298b53b6,
        type: 3}
      propertyPath: m_RootOrder
      value: 21
      objectReference: {fileID: 0}
    - target: {fileID: 8773121384582193154, guid: cae7c21b1d7136b40a1bad25298b53b6,
        type: 3}
      propertyPath: m_LocalEulerAnglesHint.x
      value: 0
      objectReference: {fileID: 0}
    - target: {fileID: 8773121384582193154, guid: cae7c21b1d7136b40a1bad25298b53b6,
        type: 3}
      propertyPath: m_LocalEulerAnglesHint.y
      value: 0
      objectReference: {fileID: 0}
    - target: {fileID: 8773121384582193154, guid: cae7c21b1d7136b40a1bad25298b53b6,
        type: 3}
      propertyPath: m_LocalEulerAnglesHint.z
      value: 0
      objectReference: {fileID: 0}
    m_RemovedComponents: []
  m_SourcePrefab: {fileID: 100100000, guid: cae7c21b1d7136b40a1bad25298b53b6, type: 3}
--- !u!1001 &1109214188
PrefabInstance:
  m_ObjectHideFlags: 0
  serializedVersion: 2
  m_Modification:
    m_TransformParent: {fileID: 0}
    m_Modifications:
    - target: {fileID: 5736243087587496465, guid: cae7c21b1d7136b40a1bad25298b53b6,
        type: 3}
      propertyPath: m_Name
      value: RustTile (1)
      objectReference: {fileID: 0}
    - target: {fileID: 5736243087587496465, guid: cae7c21b1d7136b40a1bad25298b53b6,
        type: 3}
      propertyPath: m_IsActive
      value: 1
      objectReference: {fileID: 0}
    - target: {fileID: 8773121384582193154, guid: cae7c21b1d7136b40a1bad25298b53b6,
        type: 3}
      propertyPath: m_LocalPosition.x
      value: 3
      objectReference: {fileID: 0}
    - target: {fileID: 8773121384582193154, guid: cae7c21b1d7136b40a1bad25298b53b6,
        type: 3}
      propertyPath: m_LocalPosition.y
      value: 0
      objectReference: {fileID: 0}
    - target: {fileID: 8773121384582193154, guid: cae7c21b1d7136b40a1bad25298b53b6,
        type: 3}
      propertyPath: m_LocalPosition.z
      value: 4
      objectReference: {fileID: 0}
    - target: {fileID: 8773121384582193154, guid: cae7c21b1d7136b40a1bad25298b53b6,
        type: 3}
      propertyPath: m_LocalRotation.x
      value: 0
      objectReference: {fileID: 0}
    - target: {fileID: 8773121384582193154, guid: cae7c21b1d7136b40a1bad25298b53b6,
        type: 3}
      propertyPath: m_LocalRotation.y
      value: -0
      objectReference: {fileID: 0}
    - target: {fileID: 8773121384582193154, guid: cae7c21b1d7136b40a1bad25298b53b6,
        type: 3}
      propertyPath: m_LocalRotation.z
      value: -0
      objectReference: {fileID: 0}
    - target: {fileID: 8773121384582193154, guid: cae7c21b1d7136b40a1bad25298b53b6,
        type: 3}
      propertyPath: m_LocalRotation.w
      value: 1
      objectReference: {fileID: 0}
    - target: {fileID: 8773121384582193154, guid: cae7c21b1d7136b40a1bad25298b53b6,
        type: 3}
      propertyPath: m_RootOrder
      value: 25
      objectReference: {fileID: 0}
    - target: {fileID: 8773121384582193154, guid: cae7c21b1d7136b40a1bad25298b53b6,
        type: 3}
      propertyPath: m_LocalEulerAnglesHint.x
      value: 0
      objectReference: {fileID: 0}
    - target: {fileID: 8773121384582193154, guid: cae7c21b1d7136b40a1bad25298b53b6,
        type: 3}
      propertyPath: m_LocalEulerAnglesHint.y
      value: 0
      objectReference: {fileID: 0}
    - target: {fileID: 8773121384582193154, guid: cae7c21b1d7136b40a1bad25298b53b6,
        type: 3}
      propertyPath: m_LocalEulerAnglesHint.z
      value: 0
      objectReference: {fileID: 0}
    m_RemovedComponents: []
  m_SourcePrefab: {fileID: 100100000, guid: cae7c21b1d7136b40a1bad25298b53b6, type: 3}
--- !u!1 &1323132370
GameObject:
  m_ObjectHideFlags: 0
  m_CorrespondingSourceObject: {fileID: 0}
  m_PrefabInstance: {fileID: 0}
  m_PrefabAsset: {fileID: 0}
  serializedVersion: 6
  m_Component:
  - component: {fileID: 1323132373}
  - component: {fileID: 1323132372}
  - component: {fileID: 1323132371}
  m_Layer: 0
  m_Name: A
  m_TagString: Untagged
  m_Icon: {fileID: 0}
  m_NavMeshLayer: 0
  m_StaticEditorFlags: 0
  m_IsActive: 1
--- !u!102 &1323132371
TextMesh:
  serializedVersion: 3
  m_ObjectHideFlags: 0
  m_CorrespondingSourceObject: {fileID: 0}
  m_PrefabInstance: {fileID: 0}
  m_PrefabAsset: {fileID: 0}
  m_GameObject: {fileID: 1323132370}
  m_Text: A
  m_OffsetZ: 0
  m_CharacterSize: 1
  m_LineSpacing: 1
  m_Anchor: 4
  m_Alignment: 1
  m_TabSize: 4
  m_FontSize: 500
  m_FontStyle: 0
  m_RichText: 1
  m_Font: {fileID: 10102, guid: 0000000000000000e000000000000000, type: 0}
  m_Color:
    serializedVersion: 2
    rgba: 4294967295
--- !u!23 &1323132372
MeshRenderer:
  m_ObjectHideFlags: 0
  m_CorrespondingSourceObject: {fileID: 0}
  m_PrefabInstance: {fileID: 0}
  m_PrefabAsset: {fileID: 0}
  m_GameObject: {fileID: 1323132370}
  m_Enabled: 1
  m_CastShadows: 1
  m_ReceiveShadows: 1
  m_DynamicOccludee: 1
  m_MotionVectors: 1
  m_LightProbeUsage: 1
  m_ReflectionProbeUsage: 1
  m_RayTracingMode: 2
  m_RenderingLayerMask: 1
  m_RendererPriority: 0
  m_Materials:
  - {fileID: 2100000, guid: 46d2b82d19de8034084628b9f6d72275, type: 2}
  m_StaticBatchInfo:
    firstSubMesh: 0
    subMeshCount: 0
  m_StaticBatchRoot: {fileID: 0}
  m_ProbeAnchor: {fileID: 0}
  m_LightProbeVolumeOverride: {fileID: 0}
  m_ScaleInLightmap: 1
  m_ReceiveGI: 1
  m_PreserveUVs: 0
  m_IgnoreNormalsForChartDetection: 0
  m_ImportantGI: 0
  m_StitchLightmapSeams: 1
  m_SelectedEditorRenderState: 3
  m_MinimumChartSize: 4
  m_AutoUVMaxDistance: 0.5
  m_AutoUVMaxAngle: 89
  m_LightmapParameters: {fileID: 0}
  m_SortingLayerID: 0
  m_SortingLayer: 0
  m_SortingOrder: 0
--- !u!4 &1323132373
Transform:
  m_ObjectHideFlags: 0
  m_CorrespondingSourceObject: {fileID: 0}
  m_PrefabInstance: {fileID: 0}
  m_PrefabAsset: {fileID: 0}
  m_GameObject: {fileID: 1323132370}
  m_LocalRotation: {x: 0.7071068, y: 0, z: 0, w: 0.7071068}
  m_LocalPosition: {x: 2.75, y: 0.11, z: 4}
  m_LocalScale: {x: 0.01, y: 0.0075, z: 1}
  m_Children: []
  m_Father: {fileID: 0}
  m_RootOrder: 15
  m_LocalEulerAnglesHint: {x: 90, y: 0, z: 0}
--- !u!1001 &1353262375
PrefabInstance:
  m_ObjectHideFlags: 0
  serializedVersion: 2
  m_Modification:
    m_TransformParent: {fileID: 0}
    m_Modifications:
    - target: {fileID: 7580409204244449673, guid: da05ed1427e6515468be7c6337e14222,
        type: 3}
      propertyPath: m_Name
      value: Ground
      objectReference: {fileID: 0}
    - target: {fileID: 7580409204244449909, guid: da05ed1427e6515468be7c6337e14222,
        type: 3}
      propertyPath: m_LocalPosition.x
      value: 3
      objectReference: {fileID: 0}
    - target: {fileID: 7580409204244449909, guid: da05ed1427e6515468be7c6337e14222,
        type: 3}
      propertyPath: m_LocalPosition.y
      value: -0.1
      objectReference: {fileID: 0}
    - target: {fileID: 7580409204244449909, guid: da05ed1427e6515468be7c6337e14222,
        type: 3}
      propertyPath: m_LocalPosition.z
      value: 1
      objectReference: {fileID: 0}
    - target: {fileID: 7580409204244449909, guid: da05ed1427e6515468be7c6337e14222,
        type: 3}
      propertyPath: m_LocalRotation.x
      value: 0
      objectReference: {fileID: 0}
    - target: {fileID: 7580409204244449909, guid: da05ed1427e6515468be7c6337e14222,
        type: 3}
      propertyPath: m_LocalRotation.y
      value: 0
      objectReference: {fileID: 0}
    - target: {fileID: 7580409204244449909, guid: da05ed1427e6515468be7c6337e14222,
        type: 3}
      propertyPath: m_LocalRotation.z
      value: 0
      objectReference: {fileID: 0}
    - target: {fileID: 7580409204244449909, guid: da05ed1427e6515468be7c6337e14222,
        type: 3}
      propertyPath: m_LocalRotation.w
      value: 1
      objectReference: {fileID: 0}
    - target: {fileID: 7580409204244449909, guid: da05ed1427e6515468be7c6337e14222,
        type: 3}
      propertyPath: m_RootOrder
      value: 7
      objectReference: {fileID: 0}
    - target: {fileID: 7580409204244449909, guid: da05ed1427e6515468be7c6337e14222,
        type: 3}
      propertyPath: m_LocalEulerAnglesHint.x
      value: 0
      objectReference: {fileID: 0}
    - target: {fileID: 7580409204244449909, guid: da05ed1427e6515468be7c6337e14222,
        type: 3}
      propertyPath: m_LocalEulerAnglesHint.y
      value: 0
      objectReference: {fileID: 0}
    - target: {fileID: 7580409204244449909, guid: da05ed1427e6515468be7c6337e14222,
        type: 3}
      propertyPath: m_LocalEulerAnglesHint.z
      value: 0
      objectReference: {fileID: 0}
    - target: {fileID: 7580409204244449911, guid: da05ed1427e6515468be7c6337e14222,
        type: 3}
      propertyPath: m_Materials.Array.data[0]
      value: 
      objectReference: {fileID: 2100000, guid: 781485065a21a334f823184731f83d78, type: 2}
    m_RemovedComponents: []
  m_SourcePrefab: {fileID: 100100000, guid: da05ed1427e6515468be7c6337e14222, type: 3}
--- !u!1001 &1399913641
PrefabInstance:
  m_ObjectHideFlags: 0
  serializedVersion: 2
  m_Modification:
    m_TransformParent: {fileID: 0}
    m_Modifications:
    - target: {fileID: 6584504991540792911, guid: ad2b83d2c1448c940b3010f3885b8f7c,
        type: 3}
      propertyPath: m_LocalPosition.x
      value: 3
      objectReference: {fileID: 0}
    - target: {fileID: 6584504991540792911, guid: ad2b83d2c1448c940b3010f3885b8f7c,
        type: 3}
      propertyPath: m_LocalPosition.y
      value: 0.099999905
      objectReference: {fileID: 0}
    - target: {fileID: 6584504991540792911, guid: ad2b83d2c1448c940b3010f3885b8f7c,
        type: 3}
      propertyPath: m_LocalPosition.z
      value: 1
      objectReference: {fileID: 0}
    - target: {fileID: 6584504991540792911, guid: ad2b83d2c1448c940b3010f3885b8f7c,
        type: 3}
      propertyPath: m_LocalRotation.x
      value: 0.7071068
      objectReference: {fileID: 0}
    - target: {fileID: 6584504991540792911, guid: ad2b83d2c1448c940b3010f3885b8f7c,
        type: 3}
      propertyPath: m_LocalRotation.y
      value: -0
      objectReference: {fileID: 0}
    - target: {fileID: 6584504991540792911, guid: ad2b83d2c1448c940b3010f3885b8f7c,
        type: 3}
      propertyPath: m_LocalRotation.z
      value: -0
      objectReference: {fileID: 0}
    - target: {fileID: 6584504991540792911, guid: ad2b83d2c1448c940b3010f3885b8f7c,
        type: 3}
      propertyPath: m_LocalRotation.w
      value: 0.7071068
      objectReference: {fileID: 0}
    - target: {fileID: 6584504991540792911, guid: ad2b83d2c1448c940b3010f3885b8f7c,
        type: 3}
      propertyPath: m_RootOrder
      value: 3
      objectReference: {fileID: 0}
    - target: {fileID: 6584504991540792911, guid: ad2b83d2c1448c940b3010f3885b8f7c,
        type: 3}
      propertyPath: m_LocalEulerAnglesHint.x
      value: 90
      objectReference: {fileID: 0}
    - target: {fileID: 6584504991540792911, guid: ad2b83d2c1448c940b3010f3885b8f7c,
        type: 3}
      propertyPath: m_LocalEulerAnglesHint.y
      value: 0
      objectReference: {fileID: 0}
    - target: {fileID: 6584504991540792911, guid: ad2b83d2c1448c940b3010f3885b8f7c,
        type: 3}
      propertyPath: m_LocalEulerAnglesHint.z
      value: 0
      objectReference: {fileID: 0}
    - target: {fileID: 6584504991540792911, guid: ad2b83d2c1448c940b3010f3885b8f7c,
        type: 3}
      propertyPath: m_LocalScale.y
      value: 1
      objectReference: {fileID: 0}
    - target: {fileID: 6584504991540792911, guid: ad2b83d2c1448c940b3010f3885b8f7c,
        type: 3}
      propertyPath: m_LocalScale.z
      value: 1
      objectReference: {fileID: 0}
    - target: {fileID: 9105252847399057798, guid: ad2b83d2c1448c940b3010f3885b8f7c,
        type: 3}
      propertyPath: m_Name
      value: LightTile (3)
      objectReference: {fileID: 0}
    m_RemovedComponents: []
  m_SourcePrefab: {fileID: 100100000, guid: ad2b83d2c1448c940b3010f3885b8f7c, type: 3}
--- !u!1001 &1503923650
PrefabInstance:
  m_ObjectHideFlags: 0
  serializedVersion: 2
  m_Modification:
    m_TransformParent: {fileID: 0}
    m_Modifications:
    - target: {fileID: 5736243087587496465, guid: cae7c21b1d7136b40a1bad25298b53b6,
        type: 3}
      propertyPath: m_Name
      value: RustTile (4)
      objectReference: {fileID: 0}
    - target: {fileID: 5736243087587496465, guid: cae7c21b1d7136b40a1bad25298b53b6,
        type: 3}
      propertyPath: m_IsActive
      value: 1
      objectReference: {fileID: 0}
    - target: {fileID: 8773121384582193154, guid: cae7c21b1d7136b40a1bad25298b53b6,
        type: 3}
      propertyPath: m_LocalPosition.x
      value: 4
      objectReference: {fileID: 0}
    - target: {fileID: 8773121384582193154, guid: cae7c21b1d7136b40a1bad25298b53b6,
        type: 3}
      propertyPath: m_LocalPosition.y
      value: 0
      objectReference: {fileID: 0}
    - target: {fileID: 8773121384582193154, guid: cae7c21b1d7136b40a1bad25298b53b6,
        type: 3}
      propertyPath: m_LocalPosition.z
      value: 3
      objectReference: {fileID: 0}
    - target: {fileID: 8773121384582193154, guid: cae7c21b1d7136b40a1bad25298b53b6,
        type: 3}
      propertyPath: m_LocalRotation.x
      value: 0
      objectReference: {fileID: 0}
    - target: {fileID: 8773121384582193154, guid: cae7c21b1d7136b40a1bad25298b53b6,
        type: 3}
      propertyPath: m_LocalRotation.y
      value: -0
      objectReference: {fileID: 0}
    - target: {fileID: 8773121384582193154, guid: cae7c21b1d7136b40a1bad25298b53b6,
        type: 3}
      propertyPath: m_LocalRotation.z
      value: -0
      objectReference: {fileID: 0}
    - target: {fileID: 8773121384582193154, guid: cae7c21b1d7136b40a1bad25298b53b6,
        type: 3}
      propertyPath: m_LocalRotation.w
      value: 1
      objectReference: {fileID: 0}
    - target: {fileID: 8773121384582193154, guid: cae7c21b1d7136b40a1bad25298b53b6,
        type: 3}
      propertyPath: m_RootOrder
      value: 22
      objectReference: {fileID: 0}
    - target: {fileID: 8773121384582193154, guid: cae7c21b1d7136b40a1bad25298b53b6,
        type: 3}
      propertyPath: m_LocalEulerAnglesHint.x
      value: 0
      objectReference: {fileID: 0}
    - target: {fileID: 8773121384582193154, guid: cae7c21b1d7136b40a1bad25298b53b6,
        type: 3}
      propertyPath: m_LocalEulerAnglesHint.y
      value: 0
      objectReference: {fileID: 0}
    - target: {fileID: 8773121384582193154, guid: cae7c21b1d7136b40a1bad25298b53b6,
        type: 3}
      propertyPath: m_LocalEulerAnglesHint.z
      value: 0
      objectReference: {fileID: 0}
    m_RemovedComponents: []
  m_SourcePrefab: {fileID: 100100000, guid: cae7c21b1d7136b40a1bad25298b53b6, type: 3}
--- !u!1001 &1720195158
PrefabInstance:
  m_ObjectHideFlags: 0
  serializedVersion: 2
  m_Modification:
    m_TransformParent: {fileID: 0}
    m_Modifications:
    - target: {fileID: 5736243087587496465, guid: cae7c21b1d7136b40a1bad25298b53b6,
        type: 3}
      propertyPath: m_Name
      value: RustTile (3)
      objectReference: {fileID: 0}
    - target: {fileID: 5736243087587496465, guid: cae7c21b1d7136b40a1bad25298b53b6,
        type: 3}
      propertyPath: m_IsActive
      value: 1
      objectReference: {fileID: 0}
    - target: {fileID: 8773121384582193154, guid: cae7c21b1d7136b40a1bad25298b53b6,
        type: 3}
      propertyPath: m_LocalPosition.x
      value: 4
      objectReference: {fileID: 0}
    - target: {fileID: 8773121384582193154, guid: cae7c21b1d7136b40a1bad25298b53b6,
        type: 3}
      propertyPath: m_LocalPosition.y
      value: 0
      objectReference: {fileID: 0}
    - target: {fileID: 8773121384582193154, guid: cae7c21b1d7136b40a1bad25298b53b6,
        type: 3}
      propertyPath: m_LocalPosition.z
      value: 5
      objectReference: {fileID: 0}
    - target: {fileID: 8773121384582193154, guid: cae7c21b1d7136b40a1bad25298b53b6,
        type: 3}
      propertyPath: m_LocalRotation.x
      value: 0
      objectReference: {fileID: 0}
    - target: {fileID: 8773121384582193154, guid: cae7c21b1d7136b40a1bad25298b53b6,
        type: 3}
      propertyPath: m_LocalRotation.y
      value: -0
      objectReference: {fileID: 0}
    - target: {fileID: 8773121384582193154, guid: cae7c21b1d7136b40a1bad25298b53b6,
        type: 3}
      propertyPath: m_LocalRotation.z
      value: -0
      objectReference: {fileID: 0}
    - target: {fileID: 8773121384582193154, guid: cae7c21b1d7136b40a1bad25298b53b6,
        type: 3}
      propertyPath: m_LocalRotation.w
      value: 1
      objectReference: {fileID: 0}
    - target: {fileID: 8773121384582193154, guid: cae7c21b1d7136b40a1bad25298b53b6,
        type: 3}
      propertyPath: m_RootOrder
      value: 23
      objectReference: {fileID: 0}
    - target: {fileID: 8773121384582193154, guid: cae7c21b1d7136b40a1bad25298b53b6,
        type: 3}
      propertyPath: m_LocalEulerAnglesHint.x
      value: 0
      objectReference: {fileID: 0}
    - target: {fileID: 8773121384582193154, guid: cae7c21b1d7136b40a1bad25298b53b6,
        type: 3}
      propertyPath: m_LocalEulerAnglesHint.y
      value: 0
      objectReference: {fileID: 0}
    - target: {fileID: 8773121384582193154, guid: cae7c21b1d7136b40a1bad25298b53b6,
        type: 3}
      propertyPath: m_LocalEulerAnglesHint.z
      value: 0
      objectReference: {fileID: 0}
    m_RemovedComponents: []
  m_SourcePrefab: {fileID: 100100000, guid: cae7c21b1d7136b40a1bad25298b53b6, type: 3}
--- !u!1001 &1852855272
PrefabInstance:
  m_ObjectHideFlags: 0
  serializedVersion: 2
  m_Modification:
    m_TransformParent: {fileID: 0}
    m_Modifications:
    - target: {fileID: 4561058700780678276, guid: 34ddd5168afcf68489f1763d9691cb23,
        type: 3}
      propertyPath: orthographic size
      value: 4
      objectReference: {fileID: 0}
    - target: {fileID: 4561058700780678279, guid: 34ddd5168afcf68489f1763d9691cb23,
        type: 3}
      propertyPath: m_Name
      value: LevelCam
      objectReference: {fileID: 0}
    - target: {fileID: 4561058700780678282, guid: 34ddd5168afcf68489f1763d9691cb23,
        type: 3}
      propertyPath: m_LocalPosition.x
      value: 5.18
      objectReference: {fileID: 0}
    - target: {fileID: 4561058700780678282, guid: 34ddd5168afcf68489f1763d9691cb23,
        type: 3}
      propertyPath: m_LocalPosition.y
      value: 5.328
      objectReference: {fileID: 0}
    - target: {fileID: 4561058700780678282, guid: 34ddd5168afcf68489f1763d9691cb23,
        type: 3}
      propertyPath: m_LocalPosition.z
      value: -2.787
      objectReference: {fileID: 0}
    - target: {fileID: 4561058700780678282, guid: 34ddd5168afcf68489f1763d9691cb23,
        type: 3}
      propertyPath: m_LocalRotation.x
      value: 0.3696438
      objectReference: {fileID: 0}
    - target: {fileID: 4561058700780678282, guid: 34ddd5168afcf68489f1763d9691cb23,
        type: 3}
      propertyPath: m_LocalRotation.y
      value: -0.23911758
      objectReference: {fileID: 0}
    - target: {fileID: 4561058700780678282, guid: 34ddd5168afcf68489f1763d9691cb23,
        type: 3}
      propertyPath: m_LocalRotation.z
      value: 0.099045746
      objectReference: {fileID: 0}
    - target: {fileID: 4561058700780678282, guid: 34ddd5168afcf68489f1763d9691cb23,
        type: 3}
      propertyPath: m_LocalRotation.w
      value: 0.89239913
      objectReference: {fileID: 0}
    - target: {fileID: 4561058700780678282, guid: 34ddd5168afcf68489f1763d9691cb23,
        type: 3}
      propertyPath: m_RootOrder
      value: 11
      objectReference: {fileID: 0}
    - target: {fileID: 4561058700780678282, guid: 34ddd5168afcf68489f1763d9691cb23,
        type: 3}
      propertyPath: m_LocalEulerAnglesHint.x
      value: 45
      objectReference: {fileID: 0}
    - target: {fileID: 4561058700780678282, guid: 34ddd5168afcf68489f1763d9691cb23,
        type: 3}
      propertyPath: m_LocalEulerAnglesHint.y
      value: -30
      objectReference: {fileID: 0}
    - target: {fileID: 4561058700780678282, guid: 34ddd5168afcf68489f1763d9691cb23,
        type: 3}
      propertyPath: m_LocalEulerAnglesHint.z
      value: 0
      objectReference: {fileID: 0}
    m_RemovedComponents: []
  m_SourcePrefab: {fileID: 100100000, guid: 34ddd5168afcf68489f1763d9691cb23, type: 3}
--- !u!20 &1852855273 stripped
Camera:
  m_CorrespondingSourceObject: {fileID: 4561058700780678276, guid: 34ddd5168afcf68489f1763d9691cb23,
    type: 3}
  m_PrefabInstance: {fileID: 1852855272}
  m_PrefabAsset: {fileID: 0}
--- !u!1001 &1866927580
PrefabInstance:
  m_ObjectHideFlags: 0
  serializedVersion: 2
  m_Modification:
    m_TransformParent: {fileID: 0}
    m_Modifications:
    - target: {fileID: 6584504991540792911, guid: ad2b83d2c1448c940b3010f3885b8f7c,
        type: 3}
      propertyPath: m_LocalPosition.x
      value: 3
      objectReference: {fileID: 0}
    - target: {fileID: 6584504991540792911, guid: ad2b83d2c1448c940b3010f3885b8f7c,
        type: 3}
      propertyPath: m_LocalPosition.y
      value: 0.099999905
      objectReference: {fileID: 0}
    - target: {fileID: 6584504991540792911, guid: ad2b83d2c1448c940b3010f3885b8f7c,
        type: 3}
      propertyPath: m_LocalPosition.z
      value: 0
      objectReference: {fileID: 0}
    - target: {fileID: 6584504991540792911, guid: ad2b83d2c1448c940b3010f3885b8f7c,
        type: 3}
      propertyPath: m_LocalRotation.x
      value: 0.7071068
      objectReference: {fileID: 0}
    - target: {fileID: 6584504991540792911, guid: ad2b83d2c1448c940b3010f3885b8f7c,
        type: 3}
      propertyPath: m_LocalRotation.y
      value: -0
      objectReference: {fileID: 0}
    - target: {fileID: 6584504991540792911, guid: ad2b83d2c1448c940b3010f3885b8f7c,
        type: 3}
      propertyPath: m_LocalRotation.z
      value: -0
      objectReference: {fileID: 0}
    - target: {fileID: 6584504991540792911, guid: ad2b83d2c1448c940b3010f3885b8f7c,
        type: 3}
      propertyPath: m_LocalRotation.w
      value: 0.7071068
      objectReference: {fileID: 0}
    - target: {fileID: 6584504991540792911, guid: ad2b83d2c1448c940b3010f3885b8f7c,
        type: 3}
      propertyPath: m_RootOrder
      value: 4
      objectReference: {fileID: 0}
    - target: {fileID: 6584504991540792911, guid: ad2b83d2c1448c940b3010f3885b8f7c,
        type: 3}
      propertyPath: m_LocalEulerAnglesHint.x
      value: 90
      objectReference: {fileID: 0}
    - target: {fileID: 6584504991540792911, guid: ad2b83d2c1448c940b3010f3885b8f7c,
        type: 3}
      propertyPath: m_LocalEulerAnglesHint.y
      value: 0
      objectReference: {fileID: 0}
    - target: {fileID: 6584504991540792911, guid: ad2b83d2c1448c940b3010f3885b8f7c,
        type: 3}
      propertyPath: m_LocalEulerAnglesHint.z
      value: 0
      objectReference: {fileID: 0}
    - target: {fileID: 6584504991540792911, guid: ad2b83d2c1448c940b3010f3885b8f7c,
        type: 3}
      propertyPath: m_LocalScale.y
      value: 1
      objectReference: {fileID: 0}
    - target: {fileID: 6584504991540792911, guid: ad2b83d2c1448c940b3010f3885b8f7c,
        type: 3}
      propertyPath: m_LocalScale.z
      value: 1
      objectReference: {fileID: 0}
    - target: {fileID: 9105252847399057798, guid: ad2b83d2c1448c940b3010f3885b8f7c,
        type: 3}
      propertyPath: m_Name
      value: LightTile (4)
      objectReference: {fileID: 0}
    m_RemovedComponents: []
  m_SourcePrefab: {fileID: 100100000, guid: ad2b83d2c1448c940b3010f3885b8f7c, type: 3}
--- !u!1 &1958129207
GameObject:
  m_ObjectHideFlags: 0
  m_CorrespondingSourceObject: {fileID: 0}
  m_PrefabInstance: {fileID: 0}
  m_PrefabAsset: {fileID: 0}
  serializedVersion: 6
  m_Component:
  - component: {fileID: 1958129210}
  - component: {fileID: 1958129209}
  - component: {fileID: 1958129208}
  m_Layer: 0
  m_Name: W
  m_TagString: Untagged
  m_Icon: {fileID: 0}
  m_NavMeshLayer: 0
  m_StaticEditorFlags: 0
  m_IsActive: 1
--- !u!102 &1958129208
TextMesh:
  serializedVersion: 3
  m_ObjectHideFlags: 0
  m_CorrespondingSourceObject: {fileID: 0}
  m_PrefabInstance: {fileID: 0}
  m_PrefabAsset: {fileID: 0}
  m_GameObject: {fileID: 1958129207}
  m_Text: W
  m_OffsetZ: 0
  m_CharacterSize: 1
  m_LineSpacing: 1
  m_Anchor: 4
  m_Alignment: 1
  m_TabSize: 4
  m_FontSize: 500
  m_FontStyle: 0
  m_RichText: 1
  m_Font: {fileID: 10102, guid: 0000000000000000e000000000000000, type: 0}
  m_Color:
    serializedVersion: 2
    rgba: 4294967295
--- !u!23 &1958129209
MeshRenderer:
  m_ObjectHideFlags: 0
  m_CorrespondingSourceObject: {fileID: 0}
  m_PrefabInstance: {fileID: 0}
  m_PrefabAsset: {fileID: 0}
  m_GameObject: {fileID: 1958129207}
  m_Enabled: 1
  m_CastShadows: 1
  m_ReceiveShadows: 1
  m_DynamicOccludee: 1
  m_MotionVectors: 1
  m_LightProbeUsage: 1
  m_ReflectionProbeUsage: 1
  m_RayTracingMode: 2
  m_RenderingLayerMask: 1
  m_RendererPriority: 0
  m_Materials:
  - {fileID: 2100000, guid: 46d2b82d19de8034084628b9f6d72275, type: 2}
  m_StaticBatchInfo:
    firstSubMesh: 0
    subMeshCount: 0
  m_StaticBatchRoot: {fileID: 0}
  m_ProbeAnchor: {fileID: 0}
  m_LightProbeVolumeOverride: {fileID: 0}
  m_ScaleInLightmap: 1
  m_ReceiveGI: 1
  m_PreserveUVs: 0
  m_IgnoreNormalsForChartDetection: 0
  m_ImportantGI: 0
  m_StitchLightmapSeams: 1
  m_SelectedEditorRenderState: 3
  m_MinimumChartSize: 4
  m_AutoUVMaxDistance: 0.5
  m_AutoUVMaxAngle: 89
  m_LightmapParameters: {fileID: 0}
  m_SortingLayerID: 0
  m_SortingLayer: 0
  m_SortingOrder: 0
--- !u!4 &1958129210
Transform:
  m_ObjectHideFlags: 0
  m_CorrespondingSourceObject: {fileID: 0}
  m_PrefabInstance: {fileID: 0}
  m_PrefabAsset: {fileID: 0}
  m_GameObject: {fileID: 1958129207}
  m_LocalRotation: {x: 0.7071068, y: 0, z: 0, w: 0.7071068}
  m_LocalPosition: {x: 4, y: 0.11, z: 5.25}
  m_LocalScale: {x: 0.01, y: 0.0075, z: 1}
  m_Children: []
  m_Father: {fileID: 0}
  m_RootOrder: 13
  m_LocalEulerAnglesHint: {x: 90, y: 0, z: 0}
--- !u!1 &2014231970
GameObject:
  m_ObjectHideFlags: 0
  m_CorrespondingSourceObject: {fileID: 0}
  m_PrefabInstance: {fileID: 0}
  m_PrefabAsset: {fileID: 0}
  serializedVersion: 6
  m_Component:
  - component: {fileID: 2014231973}
  - component: {fileID: 2014231972}
  - component: {fileID: 2014231971}
  m_Layer: 0
  m_Name: Right
  m_TagString: Untagged
  m_Icon: {fileID: 0}
  m_NavMeshLayer: 0
  m_StaticEditorFlags: 0
  m_IsActive: 1
--- !u!102 &2014231971
TextMesh:
  serializedVersion: 3
  m_ObjectHideFlags: 0
  m_CorrespondingSourceObject: {fileID: 0}
  m_PrefabInstance: {fileID: 0}
  m_PrefabAsset: {fileID: 0}
  m_GameObject: {fileID: 2014231970}
  m_Text: '^

    |'
  m_OffsetZ: 0
  m_CharacterSize: 1
  m_LineSpacing: 0
  m_Anchor: 4
  m_Alignment: 1
  m_TabSize: 4
  m_FontSize: 500
  m_FontStyle: 0
  m_RichText: 1
  m_Font: {fileID: 10102, guid: 0000000000000000e000000000000000, type: 0}
  m_Color:
    serializedVersion: 2
    rgba: 4294967295
--- !u!23 &2014231972
MeshRenderer:
  m_ObjectHideFlags: 0
  m_CorrespondingSourceObject: {fileID: 0}
  m_PrefabInstance: {fileID: 0}
  m_PrefabAsset: {fileID: 0}
  m_GameObject: {fileID: 2014231970}
  m_Enabled: 1
  m_CastShadows: 1
  m_ReceiveShadows: 1
  m_DynamicOccludee: 1
  m_MotionVectors: 1
  m_LightProbeUsage: 1
  m_ReflectionProbeUsage: 1
  m_RayTracingMode: 2
  m_RenderingLayerMask: 1
  m_RendererPriority: 0
  m_Materials:
  - {fileID: 2100000, guid: 46d2b82d19de8034084628b9f6d72275, type: 2}
  m_StaticBatchInfo:
    firstSubMesh: 0
    subMeshCount: 0
  m_StaticBatchRoot: {fileID: 0}
  m_ProbeAnchor: {fileID: 0}
  m_LightProbeVolumeOverride: {fileID: 0}
  m_ScaleInLightmap: 1
  m_ReceiveGI: 1
  m_PreserveUVs: 0
  m_IgnoreNormalsForChartDetection: 0
  m_ImportantGI: 0
  m_StitchLightmapSeams: 1
  m_SelectedEditorRenderState: 3
  m_MinimumChartSize: 4
  m_AutoUVMaxDistance: 0.5
  m_AutoUVMaxAngle: 89
  m_LightmapParameters: {fileID: 0}
  m_SortingLayerID: 0
  m_SortingLayer: 0
  m_SortingOrder: 0
--- !u!4 &2014231973
Transform:
  m_ObjectHideFlags: 0
  m_CorrespondingSourceObject: {fileID: 0}
  m_PrefabInstance: {fileID: 0}
  m_PrefabAsset: {fileID: 0}
  m_GameObject: {fileID: 2014231970}
  m_LocalRotation: {x: 0.5, y: 0.5, z: -0.5, w: 0.5}
  m_LocalPosition: {x: 4.85, y: 0.11, z: 4}
  m_LocalScale: {x: 0.02, y: 0.01, z: 1}
  m_Children: []
  m_Father: {fileID: 0}
  m_RootOrder: 20
  m_LocalEulerAnglesHint: {x: 90, y: 90, z: 0}
--- !u!1001 &1598249691543326491
PrefabInstance:
  m_ObjectHideFlags: 0
  serializedVersion: 2
  m_Modification:
    m_TransformParent: {fileID: 0}
    m_Modifications:
    - target: {fileID: 1598249691231917209, guid: 1183029f3e28a6b44991cd1c2d5905c0,
        type: 3}
      propertyPath: m_LocalPosition.x
      value: -12.443224
      objectReference: {fileID: 0}
    - target: {fileID: 1598249691231917209, guid: 1183029f3e28a6b44991cd1c2d5905c0,
        type: 3}
      propertyPath: m_LocalPosition.y
      value: -11.66462
      objectReference: {fileID: 0}
    - target: {fileID: 1598249691231917209, guid: 1183029f3e28a6b44991cd1c2d5905c0,
        type: 3}
      propertyPath: m_LocalPosition.z
      value: 25.498852
      objectReference: {fileID: 0}
    - target: {fileID: 1598249691231917209, guid: 1183029f3e28a6b44991cd1c2d5905c0,
        type: 3}
      propertyPath: m_LocalRotation.x
      value: -0
      objectReference: {fileID: 0}
    - target: {fileID: 1598249691231917209, guid: 1183029f3e28a6b44991cd1c2d5905c0,
        type: 3}
      propertyPath: m_LocalRotation.y
      value: -0
      objectReference: {fileID: 0}
    - target: {fileID: 1598249691231917209, guid: 1183029f3e28a6b44991cd1c2d5905c0,
        type: 3}
      propertyPath: m_LocalRotation.z
      value: -0
      objectReference: {fileID: 0}
    - target: {fileID: 1598249691231917209, guid: 1183029f3e28a6b44991cd1c2d5905c0,
        type: 3}
      propertyPath: m_LocalRotation.w
      value: 1
      objectReference: {fileID: 0}
    - target: {fileID: 1598249691231917209, guid: 1183029f3e28a6b44991cd1c2d5905c0,
        type: 3}
      propertyPath: m_RootOrder
      value: 12
      objectReference: {fileID: 0}
    - target: {fileID: 1598249691231917209, guid: 1183029f3e28a6b44991cd1c2d5905c0,
        type: 3}
      propertyPath: m_LocalEulerAnglesHint.x
      value: 0
      objectReference: {fileID: 0}
    - target: {fileID: 1598249691231917209, guid: 1183029f3e28a6b44991cd1c2d5905c0,
        type: 3}
      propertyPath: m_LocalEulerAnglesHint.y
      value: 0
      objectReference: {fileID: 0}
    - target: {fileID: 1598249691231917209, guid: 1183029f3e28a6b44991cd1c2d5905c0,
        type: 3}
      propertyPath: m_LocalEulerAnglesHint.z
      value: 0
      objectReference: {fileID: 0}
    - target: {fileID: 1598249691231917210, guid: 1183029f3e28a6b44991cd1c2d5905c0,
        type: 3}
      propertyPath: m_Name
      value: PauseMenu(Level)
      objectReference: {fileID: 0}
    m_RemovedComponents: []
  m_SourcePrefab: {fileID: 100100000, guid: 1183029f3e28a6b44991cd1c2d5905c0, type: 3}
--- !u!1001 &2823510699110616957
PrefabInstance:
  m_ObjectHideFlags: 0
  serializedVersion: 2
  m_Modification:
    m_TransformParent: {fileID: 0}
    m_Modifications:
    - target: {fileID: 2823510698637310320, guid: 282ce5fb3feaf2944ae9ea508cbf60a4,
        type: 3}
      propertyPath: m_LocalPosition.x
      value: 4
      objectReference: {fileID: 0}
    - target: {fileID: 2823510698637310320, guid: 282ce5fb3feaf2944ae9ea508cbf60a4,
        type: 3}
      propertyPath: m_LocalPosition.y
      value: 0.6
      objectReference: {fileID: 0}
    - target: {fileID: 2823510698637310320, guid: 282ce5fb3feaf2944ae9ea508cbf60a4,
        type: 3}
      propertyPath: m_LocalPosition.z
      value: 4
      objectReference: {fileID: 0}
    - target: {fileID: 2823510698637310320, guid: 282ce5fb3feaf2944ae9ea508cbf60a4,
        type: 3}
      propertyPath: m_LocalRotation.x
      value: 0
      objectReference: {fileID: 0}
    - target: {fileID: 2823510698637310320, guid: 282ce5fb3feaf2944ae9ea508cbf60a4,
        type: 3}
      propertyPath: m_LocalRotation.y
      value: 0
      objectReference: {fileID: 0}
    - target: {fileID: 2823510698637310320, guid: 282ce5fb3feaf2944ae9ea508cbf60a4,
        type: 3}
      propertyPath: m_LocalRotation.z
      value: 0
      objectReference: {fileID: 0}
    - target: {fileID: 2823510698637310320, guid: 282ce5fb3feaf2944ae9ea508cbf60a4,
        type: 3}
      propertyPath: m_LocalRotation.w
      value: 1
      objectReference: {fileID: 0}
    - target: {fileID: 2823510698637310320, guid: 282ce5fb3feaf2944ae9ea508cbf60a4,
        type: 3}
      propertyPath: m_RootOrder
      value: 9
      objectReference: {fileID: 0}
    - target: {fileID: 2823510698637310320, guid: 282ce5fb3feaf2944ae9ea508cbf60a4,
        type: 3}
      propertyPath: m_LocalEulerAnglesHint.x
      value: 0
      objectReference: {fileID: 0}
    - target: {fileID: 2823510698637310320, guid: 282ce5fb3feaf2944ae9ea508cbf60a4,
        type: 3}
      propertyPath: m_LocalEulerAnglesHint.y
      value: 0
      objectReference: {fileID: 0}
    - target: {fileID: 2823510698637310320, guid: 282ce5fb3feaf2944ae9ea508cbf60a4,
        type: 3}
      propertyPath: m_LocalEulerAnglesHint.z
      value: 0
      objectReference: {fileID: 0}
    - target: {fileID: 2823510698637310321, guid: 282ce5fb3feaf2944ae9ea508cbf60a4,
        type: 3}
      propertyPath: m_Name
      value: Block
      objectReference: {fileID: 0}
    m_RemovedComponents: []
  m_SourcePrefab: {fileID: 100100000, guid: 282ce5fb3feaf2944ae9ea508cbf60a4, type: 3}
--- !u!1 &2823510699110616958 stripped
GameObject:
  m_CorrespondingSourceObject: {fileID: 2823510698637310321, guid: 282ce5fb3feaf2944ae9ea508cbf60a4,
    type: 3}
  m_PrefabInstance: {fileID: 2823510699110616957}
  m_PrefabAsset: {fileID: 0}
--- !u!114 &2823510699110616959
MonoBehaviour:
  m_ObjectHideFlags: 0
  m_CorrespondingSourceObject: {fileID: 0}
  m_PrefabInstance: {fileID: 0}
  m_PrefabAsset: {fileID: 0}
  m_GameObject: {fileID: 2823510699110616958}
  m_Enabled: 1
  m_EditorHideFlags: 0
  m_Script: {fileID: 11500000, guid: 46a233d83fed46d4babae028509b3f90, type: 3}
  m_Name: 
  m_EditorClassIdentifier: 
  shortingTutorial: 0
  restartingTutorial: 0
  interfaceTutorial: 0
  tile1: {fileID: 0}
  tile2: {fileID: 0}
  tutorialText1: {fileID: 0}
  tutorialText2: {fileID: 0}
  dist: 1
  waitTime: 0.01
  speed: 100
--- !u!1001 &4376047088195687173
PrefabInstance:
  m_ObjectHideFlags: 0
  serializedVersion: 2
  m_Modification:
    m_TransformParent: {fileID: 0}
    m_Modifications:
    - target: {fileID: 5736243087587496465, guid: cae7c21b1d7136b40a1bad25298b53b6,
        type: 3}
      propertyPath: m_Name
      value: RustTile
      objectReference: {fileID: 0}
    - target: {fileID: 8773121384582193154, guid: cae7c21b1d7136b40a1bad25298b53b6,
        type: 3}
      propertyPath: m_LocalPosition.x
      value: 2
      objectReference: {fileID: 0}
    - target: {fileID: 8773121384582193154, guid: cae7c21b1d7136b40a1bad25298b53b6,
        type: 3}
      propertyPath: m_LocalPosition.y
      value: 0
      objectReference: {fileID: 0}
    - target: {fileID: 8773121384582193154, guid: cae7c21b1d7136b40a1bad25298b53b6,
        type: 3}
      propertyPath: m_LocalPosition.z
      value: 4
      objectReference: {fileID: 0}
    - target: {fileID: 8773121384582193154, guid: cae7c21b1d7136b40a1bad25298b53b6,
        type: 3}
      propertyPath: m_LocalRotation.x
      value: 0
      objectReference: {fileID: 0}
    - target: {fileID: 8773121384582193154, guid: cae7c21b1d7136b40a1bad25298b53b6,
        type: 3}
      propertyPath: m_LocalRotation.y
      value: -0
      objectReference: {fileID: 0}
    - target: {fileID: 8773121384582193154, guid: cae7c21b1d7136b40a1bad25298b53b6,
        type: 3}
      propertyPath: m_LocalRotation.z
      value: -0
      objectReference: {fileID: 0}
    - target: {fileID: 8773121384582193154, guid: cae7c21b1d7136b40a1bad25298b53b6,
        type: 3}
      propertyPath: m_LocalRotation.w
      value: 1
      objectReference: {fileID: 0}
    - target: {fileID: 8773121384582193154, guid: cae7c21b1d7136b40a1bad25298b53b6,
        type: 3}
      propertyPath: m_RootOrder
      value: 8
      objectReference: {fileID: 0}
    - target: {fileID: 8773121384582193154, guid: cae7c21b1d7136b40a1bad25298b53b6,
        type: 3}
      propertyPath: m_LocalEulerAnglesHint.x
      value: 0
      objectReference: {fileID: 0}
    - target: {fileID: 8773121384582193154, guid: cae7c21b1d7136b40a1bad25298b53b6,
        type: 3}
      propertyPath: m_LocalEulerAnglesHint.y
      value: 0
      objectReference: {fileID: 0}
    - target: {fileID: 8773121384582193154, guid: cae7c21b1d7136b40a1bad25298b53b6,
        type: 3}
      propertyPath: m_LocalEulerAnglesHint.z
      value: 0
      objectReference: {fileID: 0}
    m_RemovedComponents: []
  m_SourcePrefab: {fileID: 100100000, guid: cae7c21b1d7136b40a1bad25298b53b6, type: 3}
