%YAML 1.1
%TAG !u! tag:unity3d.com,2011:
--- !u!1 &960653900154213464
GameObject:
  m_ObjectHideFlags: 0
  m_CorrespondingSourceObject: {fileID: 0}
  m_PrefabInstance: {fileID: 0}
  m_PrefabAsset: {fileID: 0}
  serializedVersion: 6
  m_Component:
  - component: {fileID: 6852119161875676510}
  - component: {fileID: 8083110710154451924}
  m_Layer: 0
  m_Name: Player Light
  m_TagString: Untagged
  m_Icon: {fileID: 0}
  m_NavMeshLayer: 0
  m_StaticEditorFlags: 0
  m_IsActive: 1
--- !u!4 &6852119161875676510
Transform:
  m_ObjectHideFlags: 0
  m_CorrespondingSourceObject: {fileID: 0}
  m_PrefabInstance: {fileID: 0}
  m_PrefabAsset: {fileID: 0}
  m_GameObject: {fileID: 960653900154213464}
  m_LocalRotation: {x: -0, y: -0, z: -0, w: 1}
  m_LocalPosition: {x: 0, y: 1.996, z: 0}
  m_LocalScale: {x: 1, y: 0.6666667, z: 1}
  m_Children: []
  m_Father: {fileID: 5770813017753999073}
  m_RootOrder: 3
  m_LocalEulerAnglesHint: {x: 0, y: 0, z: 0}
--- !u!108 &8083110710154451924
Light:
  m_ObjectHideFlags: 0
  m_CorrespondingSourceObject: {fileID: 0}
  m_PrefabInstance: {fileID: 0}
  m_PrefabAsset: {fileID: 0}
  m_GameObject: {fileID: 960653900154213464}
  m_Enabled: 1
  serializedVersion: 10
  m_Type: 2
  m_Shape: 0
  m_Color: {r: 0.735849, g: 0.4867997, b: 0.31585974, a: 1}
  m_Intensity: 1.5
  m_Range: 20
  m_SpotAngle: 134.6
  m_InnerSpotAngle: 21.80208
  m_CookieSize: 10
  m_Shadows:
    m_Type: 0
    m_Resolution: -1
    m_CustomResolution: -1
    m_Strength: 1
    m_Bias: 0.05
    m_NormalBias: 0.4
    m_NearPlane: 0.2
    m_CullingMatrixOverride:
      e00: 1
      e01: 0
      e02: 0
      e03: 0
      e10: 0
      e11: 1
      e12: 0
      e13: 0
      e20: 0
      e21: 0
      e22: 1
      e23: 0
      e30: 0
      e31: 0
      e32: 0
      e33: 1
    m_UseCullingMatrixOverride: 0
  m_Cookie: {fileID: 0}
  m_DrawHalo: 0
  m_Flare: {fileID: 0}
  m_RenderMode: 0
  m_CullingMask:
    serializedVersion: 2
    m_Bits: 4294967295
  m_RenderingLayerMask: 1
  m_Lightmapping: 4
  m_LightShadowCasterMode: 0
  m_AreaSize: {x: 1, y: 1}
  m_BounceIntensity: 1
  m_ColorTemperature: 6570
  m_UseColorTemperature: 0
  m_BoundingSphereOverride: {x: 0, y: 0, z: 0, w: 0}
  m_UseBoundingSphereOverride: 0
  m_ShadowRadius: 0
  m_ShadowAngle: 0
--- !u!1 &5770813017715394016
GameObject:
  m_ObjectHideFlags: 0
  m_CorrespondingSourceObject: {fileID: 0}
  m_PrefabInstance: {fileID: 0}
  m_PrefabAsset: {fileID: 0}
  serializedVersion: 6
  m_Component:
  - component: {fileID: 5770813017715394019}
  - component: {fileID: 5770813017715394020}
  - component: {fileID: 5770813017715394021}
  - component: {fileID: 221540603}
  - component: {fileID: 517141954}
  m_Layer: 0
  m_Name: Player Cam
  m_TagString: MainCamera
  m_Icon: {fileID: 0}
  m_NavMeshLayer: 0
  m_StaticEditorFlags: 0
  m_IsActive: 1
--- !u!4 &5770813017715394019
Transform:
  m_ObjectHideFlags: 0
  m_CorrespondingSourceObject: {fileID: 0}
  m_PrefabInstance: {fileID: 0}
  m_PrefabAsset: {fileID: 0}
  m_GameObject: {fileID: 5770813017715394016}
  m_LocalRotation: {x: -0, y: -0, z: -0, w: 1}
  m_LocalPosition: {x: 0, y: 0.7048001, z: 0}
  m_LocalScale: {x: 1, y: 0.80000013, z: 1}
  m_Children: []
  m_Father: {fileID: 5770813017753999073}
  m_RootOrder: 0
  m_LocalEulerAnglesHint: {x: 0, y: 0, z: 0}
--- !u!20 &5770813017715394020
Camera:
  m_ObjectHideFlags: 0
  m_CorrespondingSourceObject: {fileID: 0}
  m_PrefabInstance: {fileID: 0}
  m_PrefabAsset: {fileID: 0}
  m_GameObject: {fileID: 5770813017715394016}
  m_Enabled: 1
  serializedVersion: 2
  m_ClearFlags: 1
  m_BackGroundColor: {r: 0.19215687, g: 0.3019608, b: 0.4745098, a: 0}
  m_projectionMatrixMode: 1
  m_GateFitMode: 2
  m_FOVAxisMode: 0
  m_SensorSize: {x: 36, y: 24}
  m_LensShift: {x: 0, y: 0}
  m_FocalLength: 50
  m_NormalizedViewPortRect:
    serializedVersion: 2
    x: 0
    y: 0
    width: 1
    height: 1
  near clip plane: 0.3
  far clip plane: 1000
  field of view: 78.4
  orthographic: 0
  orthographic size: 5
  m_Depth: -1
  m_CullingMask:
    serializedVersion: 2
    m_Bits: 4294967295
  m_RenderingPath: -1
  m_TargetTexture: {fileID: 0}
  m_TargetDisplay: 0
  m_TargetEye: 3
  m_HDR: 1
  m_AllowMSAA: 1
  m_AllowDynamicResolution: 0
  m_ForceIntoRT: 0
  m_OcclusionCulling: 1
  m_StereoConvergence: 10
  m_StereoSeparation: 0.022
--- !u!81 &5770813017715394021
AudioListener:
  m_ObjectHideFlags: 0
  m_CorrespondingSourceObject: {fileID: 0}
  m_PrefabInstance: {fileID: 0}
  m_PrefabAsset: {fileID: 0}
  m_GameObject: {fileID: 5770813017715394016}
  m_Enabled: 1
--- !u!114 &221540603
MonoBehaviour:
  m_ObjectHideFlags: 0
  m_CorrespondingSourceObject: {fileID: 0}
  m_PrefabInstance: {fileID: 0}
  m_PrefabAsset: {fileID: 0}
  m_GameObject: {fileID: 5770813017715394016}
  m_Enabled: 0
  m_EditorHideFlags: 0
  m_Script: {fileID: 11500000, guid: 3637edcb22069254e8c19017b63a325a, type: 3}
  m_Name: 
  m_EditorClassIdentifier: 
  axes: 0
  sensitivityX: 3
  sensitivityY: 3
  minimumX: -360
  maximumX: 360
  minimumY: -70
  maximumY: 70
  rotationX: 0
  rotationY: 0
  frameCounter: 20
--- !u!114 &517141954
MonoBehaviour:
  m_ObjectHideFlags: 0
  m_CorrespondingSourceObject: {fileID: 0}
  m_PrefabInstance: {fileID: 0}
  m_PrefabAsset: {fileID: 0}
  m_GameObject: {fileID: 5770813017715394016}
  m_Enabled: 0
  m_EditorHideFlags: 0
  m_Script: {fileID: 11500000, guid: 3637edcb22069254e8c19017b63a325a, type: 3}
  m_Name: 
  m_EditorClassIdentifier: 
  axes: 0
  sensitivityX: 3
  sensitivityY: 3
  minimumX: -360
  maximumX: 360
  minimumY: -70
  maximumY: 70
  rotationX: 0
  rotationY: 0
  frameCounter: 20
--- !u!1 &5770813017753999085
GameObject:
  m_ObjectHideFlags: 0
  m_CorrespondingSourceObject: {fileID: 0}
  m_PrefabInstance: {fileID: 0}
  m_PrefabAsset: {fileID: 0}
  serializedVersion: 6
  m_Component:
  - component: {fileID: 5770813017753999073}
  - component: {fileID: 5770813017753999086}
  - component: {fileID: 5770813017753999087}
  - component: {fileID: 5770813017753999074}
  - component: {fileID: 5770813017753999075}
  - component: {fileID: 5770813017753999072}
  - component: {fileID: 134113020400984270}
  - component: {fileID: -2765790847861039644}
  m_Layer: 0
  m_Name: Player
  m_TagString: Player
  m_Icon: {fileID: 0}
  m_NavMeshLayer: 0
  m_StaticEditorFlags: 0
  m_IsActive: 1
--- !u!4 &5770813017753999073
Transform:
  m_ObjectHideFlags: 0
  m_CorrespondingSourceObject: {fileID: 0}
  m_PrefabInstance: {fileID: 0}
  m_PrefabAsset: {fileID: 0}
  m_GameObject: {fileID: 5770813017753999085}
  m_LocalRotation: {x: 0, y: 0, z: 0, w: 1}
  m_LocalPosition: {x: 0, y: 1.6, z: 13.2361355}
  m_LocalScale: {x: 1, y: 1.4999999, z: 1}
  m_Children:
  - {fileID: 5770813017715394019}
  - {fileID: 6535479339489979592}
  - {fileID: 911431111061732015}
  - {fileID: 6852119161875676510}
  m_Father: {fileID: 0}
  m_RootOrder: 0
  m_LocalEulerAnglesHint: {x: 0, y: 0, z: 0}
--- !u!33 &5770813017753999086
MeshFilter:
  m_ObjectHideFlags: 0
  m_CorrespondingSourceObject: {fileID: 0}
  m_PrefabInstance: {fileID: 0}
  m_PrefabAsset: {fileID: 0}
  m_GameObject: {fileID: 5770813017753999085}
  m_Mesh: {fileID: 10208, guid: 0000000000000000e000000000000000, type: 0}
--- !u!136 &5770813017753999087
CapsuleCollider:
  m_ObjectHideFlags: 0
  m_CorrespondingSourceObject: {fileID: 0}
  m_PrefabInstance: {fileID: 0}
  m_PrefabAsset: {fileID: 0}
  m_GameObject: {fileID: 5770813017753999085}
  m_Material: {fileID: 0}
  m_IsTrigger: 0
  m_Enabled: 1
  m_Radius: 0.5
  m_Height: 2
  m_Direction: 1
  m_Center: {x: 0, y: 0, z: 0}
--- !u!114 &5770813017753999074
MonoBehaviour:
  m_ObjectHideFlags: 0
  m_CorrespondingSourceObject: {fileID: 0}
  m_PrefabInstance: {fileID: 0}
  m_PrefabAsset: {fileID: 0}
  m_GameObject: {fileID: 5770813017753999085}
  m_Enabled: 1
  m_EditorHideFlags: 0
  m_Script: {fileID: 11500000, guid: adbec62e169ce404f92060fd5dc53aa3, type: 3}
  m_Name: 
  m_EditorClassIdentifier: 
  sensitivityX: 100
  sensitivityY: 100
  verticalAngle: 60
  speed: 5
  rayDist: 2
  xRotation: 0
  blockSpeed: 0.01
  unlitBlock: {fileID: 6535479339489979593}
  litBlock: {fileID: 911431111061732014}
  skippingInstructions: {fileID: 0}
--- !u!143 &5770813017753999075
CharacterController:
  m_ObjectHideFlags: 0
  m_CorrespondingSourceObject: {fileID: 0}
  m_PrefabInstance: {fileID: 0}
  m_PrefabAsset: {fileID: 0}
  m_GameObject: {fileID: 5770813017753999085}
  m_Material: {fileID: 0}
  m_IsTrigger: 0
  m_Enabled: 1
  serializedVersion: 2
  m_Height: 2
  m_Radius: 0.5
  m_SlopeLimit: 45
  m_StepOffset: 0.3
  m_SkinWidth: 0.08
  m_MinMoveDistance: 0.001
  m_Center: {x: 0, y: 0, z: 0}
--- !u!114 &5770813017753999072
MonoBehaviour:
  m_ObjectHideFlags: 0
  m_CorrespondingSourceObject: {fileID: 0}
  m_PrefabInstance: {fileID: 0}
  m_PrefabAsset: {fileID: 0}
  m_GameObject: {fileID: 5770813017753999085}
  m_Enabled: 1
  m_EditorHideFlags: 0
  m_Script: {fileID: 11500000, guid: a604fcea2ca93ac47a80e0f1c25dfb4c, type: 3}
  m_Name: 
  m_EditorClassIdentifier: 
--- !u!114 &134113020400984270
MonoBehaviour:
  m_ObjectHideFlags: 0
  m_CorrespondingSourceObject: {fileID: 0}
  m_PrefabInstance: {fileID: 0}
  m_PrefabAsset: {fileID: 0}
  m_GameObject: {fileID: 5770813017753999085}
  m_Enabled: 1
  m_EditorHideFlags: 0
  m_Script: {fileID: 11500000, guid: 5905e7153127a4f40889efd94d99f6e9, type: 3}
  m_Name: 
  m_EditorClassIdentifier: 
  source: {fileID: -2765790847861039644}
  myClip: {fileID: 8300000, guid: 31dec0d0252f7874cb593e4d8bbc8dc3, type: 3}
--- !u!82 &-2765790847861039644
AudioSource:
  m_ObjectHideFlags: 0
  m_CorrespondingSourceObject: {fileID: 0}
  m_PrefabInstance: {fileID: 0}
  m_PrefabAsset: {fileID: 0}
  m_GameObject: {fileID: 5770813017753999085}
  m_Enabled: 1
  serializedVersion: 4
  OutputAudioMixerGroup: {fileID: 0}
  m_audioClip: {fileID: 0}
  m_PlayOnAwake: 1
  m_Volume: 1
  m_Pitch: 1
  Loop: 0
  Mute: 0
  Spatialize: 0
  SpatializePostEffects: 0
  Priority: 128
  DopplerLevel: 1
  MinDistance: 1
  MaxDistance: 500
  Pan2D: 0
  rolloffMode: 0
  BypassEffects: 0
  BypassListenerEffects: 0
  BypassReverbZones: 0
  rolloffCustomCurve:
    serializedVersion: 2
    m_Curve:
    - serializedVersion: 3
      time: 0
      value: 1
      inSlope: 0
      outSlope: 0
      tangentMode: 0
      weightedMode: 0
      inWeight: 0.33333334
      outWeight: 0.33333334
    - serializedVersion: 3
      time: 1
      value: 0
      inSlope: 0
      outSlope: 0
      tangentMode: 0
      weightedMode: 0
      inWeight: 0.33333334
      outWeight: 0.33333334
    m_PreInfinity: 2
    m_PostInfinity: 2
    m_RotationOrder: 4
  panLevelCustomCurve:
    serializedVersion: 2
    m_Curve:
    - serializedVersion: 3
      time: 0
      value: 0
      inSlope: 0
      outSlope: 0
      tangentMode: 0
      weightedMode: 0
      inWeight: 0.33333334
      outWeight: 0.33333334
    m_PreInfinity: 2
    m_PostInfinity: 2
    m_RotationOrder: 4
  spreadCustomCurve:
    serializedVersion: 2
    m_Curve:
    - serializedVersion: 3
      time: 0
      value: 0
      inSlope: 0
      outSlope: 0
      tangentMode: 0
      weightedMode: 0
      inWeight: 0.33333334
      outWeight: 0.33333334
    m_PreInfinity: 2
    m_PostInfinity: 2
    m_RotationOrder: 4
  reverbZoneMixCustomCurve:
    serializedVersion: 2
    m_Curve:
    - serializedVersion: 3
      time: 0
      value: 1
      inSlope: 0
      outSlope: 0
      tangentMode: 0
      weightedMode: 0
      inWeight: 0.33333334
      outWeight: 0.33333334
    m_PreInfinity: 2
    m_PostInfinity: 2
    m_RotationOrder: 4
--- !u!1001 &1487029430
PrefabInstance:
  m_ObjectHideFlags: 0
  serializedVersion: 2
  m_Modification:
    m_TransformParent: {fileID: 5770813017753999073}
    m_Modifications:
    - target: {fileID: 6535479340435908734, guid: 3040fe9d6c122334f83cebc593864e94,
        type: 3}
      propertyPath: m_LocalPosition.x
      value: 0
      objectReference: {fileID: 0}
    - target: {fileID: 6535479340435908734, guid: 3040fe9d6c122334f83cebc593864e94,
        type: 3}
      propertyPath: m_LocalPosition.y
      value: 0.32999995
      objectReference: {fileID: 0}
    - target: {fileID: 6535479340435908734, guid: 3040fe9d6c122334f83cebc593864e94,
        type: 3}
      propertyPath: m_LocalPosition.z
      value: -0.34
      objectReference: {fileID: 0}
    - target: {fileID: 6535479340435908734, guid: 3040fe9d6c122334f83cebc593864e94,
        type: 3}
      propertyPath: m_LocalRotation.x
      value: -0
      objectReference: {fileID: 0}
    - target: {fileID: 6535479340435908734, guid: 3040fe9d6c122334f83cebc593864e94,
        type: 3}
      propertyPath: m_LocalRotation.y
      value: -0
      objectReference: {fileID: 0}
    - target: {fileID: 6535479340435908734, guid: 3040fe9d6c122334f83cebc593864e94,
        type: 3}
      propertyPath: m_LocalRotation.z
      value: -0
      objectReference: {fileID: 0}
    - target: {fileID: 6535479340435908734, guid: 3040fe9d6c122334f83cebc593864e94,
        type: 3}
      propertyPath: m_LocalRotation.w
      value: 1
      objectReference: {fileID: 0}
    - target: {fileID: 6535479340435908734, guid: 3040fe9d6c122334f83cebc593864e94,
        type: 3}
      propertyPath: m_RootOrder
      value: 1
      objectReference: {fileID: 0}
    - target: {fileID: 6535479340435908734, guid: 3040fe9d6c122334f83cebc593864e94,
        type: 3}
      propertyPath: m_LocalEulerAnglesHint.x
      value: 0
      objectReference: {fileID: 0}
    - target: {fileID: 6535479340435908734, guid: 3040fe9d6c122334f83cebc593864e94,
        type: 3}
      propertyPath: m_LocalEulerAnglesHint.y
      value: 0
      objectReference: {fileID: 0}
    - target: {fileID: 6535479340435908734, guid: 3040fe9d6c122334f83cebc593864e94,
        type: 3}
      propertyPath: m_LocalEulerAnglesHint.z
      value: 0
      objectReference: {fileID: 0}
    - target: {fileID: 6535479340435908734, guid: 3040fe9d6c122334f83cebc593864e94,
        type: 3}
      propertyPath: m_LocalScale.y
      value: 0.20000003
      objectReference: {fileID: 0}
    - target: {fileID: 6535479340435908735, guid: 3040fe9d6c122334f83cebc593864e94,
        type: 3}
      propertyPath: m_Name
      value: BlockUnlit
      objectReference: {fileID: 0}
    m_RemovedComponents: []
  m_SourcePrefab: {fileID: 100100000, guid: 3040fe9d6c122334f83cebc593864e94, type: 3}
--- !u!1 &6535479339489979593 stripped
GameObject:
  m_CorrespondingSourceObject: {fileID: 6535479340435908735, guid: 3040fe9d6c122334f83cebc593864e94,
    type: 3}
  m_PrefabInstance: {fileID: 1487029430}
  m_PrefabAsset: {fileID: 0}
--- !u!4 &6535479339489979592 stripped
Transform:
  m_CorrespondingSourceObject: {fileID: 6535479340435908734, guid: 3040fe9d6c122334f83cebc593864e94,
    type: 3}
  m_PrefabInstance: {fileID: 1487029430}
  m_PrefabAsset: {fileID: 0}
--- !u!1001 &8535082683435027418
PrefabInstance:
  m_ObjectHideFlags: 0
  serializedVersion: 2
  m_Modification:
    m_TransformParent: {fileID: 5770813017753999073}
    m_Modifications:
    - target: {fileID: 8850903397388874100, guid: 4f08ace70ca8a194a9b1f3d4ac10cbe8,
        type: 3}
      propertyPath: m_Name
      value: BlockLit
      objectReference: {fileID: 0}
    - target: {fileID: 8850903397388874101, guid: 4f08ace70ca8a194a9b1f3d4ac10cbe8,
        type: 3}
      propertyPath: m_LocalPosition.x
      value: 0
      objectReference: {fileID: 0}
    - target: {fileID: 8850903397388874101, guid: 4f08ace70ca8a194a9b1f3d4ac10cbe8,
        type: 3}
      propertyPath: m_LocalPosition.y
      value: 0.32999995
      objectReference: {fileID: 0}
    - target: {fileID: 8850903397388874101, guid: 4f08ace70ca8a194a9b1f3d4ac10cbe8,
        type: 3}
      propertyPath: m_LocalPosition.z
      value: -0.34
      objectReference: {fileID: 0}
    - target: {fileID: 8850903397388874101, guid: 4f08ace70ca8a194a9b1f3d4ac10cbe8,
        type: 3}
      propertyPath: m_LocalRotation.x
      value: -0
      objectReference: {fileID: 0}
    - target: {fileID: 8850903397388874101, guid: 4f08ace70ca8a194a9b1f3d4ac10cbe8,
        type: 3}
      propertyPath: m_LocalRotation.y
      value: -0
      objectReference: {fileID: 0}
    - target: {fileID: 8850903397388874101, guid: 4f08ace70ca8a194a9b1f3d4ac10cbe8,
        type: 3}
      propertyPath: m_LocalRotation.z
      value: -0
      objectReference: {fileID: 0}
    - target: {fileID: 8850903397388874101, guid: 4f08ace70ca8a194a9b1f3d4ac10cbe8,
        type: 3}
      propertyPath: m_LocalRotation.w
      value: 1
      objectReference: {fileID: 0}
    - target: {fileID: 8850903397388874101, guid: 4f08ace70ca8a194a9b1f3d4ac10cbe8,
        type: 3}
      propertyPath: m_RootOrder
      value: 2
      objectReference: {fileID: 0}
    - target: {fileID: 8850903397388874101, guid: 4f08ace70ca8a194a9b1f3d4ac10cbe8,
        type: 3}
      propertyPath: m_LocalEulerAnglesHint.x
      value: 0
      objectReference: {fileID: 0}
    - target: {fileID: 8850903397388874101, guid: 4f08ace70ca8a194a9b1f3d4ac10cbe8,
        type: 3}
      propertyPath: m_LocalEulerAnglesHint.y
      value: 0
      objectReference: {fileID: 0}
    - target: {fileID: 8850903397388874101, guid: 4f08ace70ca8a194a9b1f3d4ac10cbe8,
        type: 3}
      propertyPath: m_LocalEulerAnglesHint.z
      value: 0
      objectReference: {fileID: 0}
    m_RemovedComponents: []
  m_SourcePrefab: {fileID: 100100000, guid: 4f08ace70ca8a194a9b1f3d4ac10cbe8, type: 3}
--- !u!1 &911431111061732014 stripped
GameObject:
  m_CorrespondingSourceObject: {fileID: 8850903397388874100, guid: 4f08ace70ca8a194a9b1f3d4ac10cbe8,
    type: 3}
  m_PrefabInstance: {fileID: 8535082683435027418}
  m_PrefabAsset: {fileID: 0}
--- !u!4 &911431111061732015 stripped
Transform:
  m_CorrespondingSourceObject: {fileID: 8850903397388874101, guid: 4f08ace70ca8a194a9b1f3d4ac10cbe8,
    type: 3}
  m_PrefabInstance: {fileID: 8535082683435027418}
  m_PrefabAsset: {fileID: 0}
